[
    {
        "id": 0,
        "name": "ANF 캣 유기농 6Free 인도어 어덜트 2kg",
        "image": "https://mamacat.co.kr/web/product/big/20191202/1355c68969e5ac86a107891f31b3ad5b.jpg",
        "상품 간략설명": "성묘용 | 유기농 (1,095원/100g당)",
        "가격정책": "마마캣 회원등급 할인 상품",
        "유통기한": "2022.12.07.",
        "사료등급": "유기농",
        "정상 소비자가": "25,000원",
        "마마캣 판매가": "21,900원",
        "가장 높은 회원등급 할인 적용시 구매가": "20,810원 (최대 1,090원 할인)",
        "원산지": "대한민국",
        "제조자 | 수입자": "ANF",
        "사용 연령": "성묘용 (12개월 이상)",
        "100g 가격": "1,095원",
        "포장단위별 용량, 수량": "2kg",
        "법에 의한 인증 및 허가": "사료관리법에 따른 수입신고를 필함",
        "원료구성": "동물성 단백질(닭고기, 가수분해연어단백, 참치어분, 동물성가수분해단백), 유기농쌀, 유기농식물성단백질, 정제계유, 비트펄프, 해바라기씨박, 유기현미, 유기보리, 유기참깨박, 유기아마씨, 해바라기씨, 천연광물질, 유기녹두, 유기메밀, 유기고구마, L-라이신 등",
        "성분구성": "조단백 34.0%이상, 조지방 12.0%이상, 조섬유 5.0%이하, 조회분 12.0%이하, 칼슘 0.9%이상, 인 0.6%이상, 수분 11.0%이하, 칼로리 361kcal/100g",
        "현재 재고 수량": "119개",
        "소비자 상담 전화": "마마캣 고객센터 (1544-6141)",
        "제품 포장 유형": "소분포장"
    },
    {
        "id": 1,
        "name": "ANF 캣 유기농 6Free 인도어 어덜트 6kg",
        "image": "https://mamacat.co.kr/web/product/big/20191202/162edc7a961e127d1d1606b7e15e058e.jpg",
        "상품 간략설명": "성묘용 | 유기농 (781원/100g당)",
        "가격정책": "마마캣 회원등급 할인 상품",
        "유통기한": "2022.10.21.",
        "사료등급": "유기농",
        "정상 소비자가": "58,000원",
        "마마캣 판매가": "46,900원",
        "가장 높은 회원등급 할인 적용시 구매가": "44,560원 (최대 2,340원 할인)",
        "원산지": "대한민국",
        "제조자 | 수입자": "ANF",
        "사용 연령": "성묘용 (12개월 이상)",
        "100g 가격": "781원",
        "포장단위별 용량, 수량": "6kg",
        "법에 의한 인증 및 허가": "사료관리법에 따른 수입신고를 필함",
        "원료구성": "동물성 단백질(닭고기, 가수분해연어단백, 참치어분, 동물성가수분해단백), 유기농쌀, 유기농식물성단백질, 정제계유, 비트펄프, 해바라기씨박, 유기현미, 유기보리, 유기참깨박, 유기아마씨, 해바라기씨, 천연광물질, 유기녹두, 유기메밀, 유기고구마, L-라이신 등",
        "성분구성": "조단백 34.0%이상, 조지방 12.0%이상, 조섬유 5.0%이하, 조회분 12.0%이하, 칼슘 0.9%이상, 인 0.6%이상, 수분 11.0%이하, 칼로리 361kcal/100g",
        "현재 재고 수량": "77개",
        "소비자 상담 전화": "마마캣 고객센터 (1544-6141)",
        "제품 포장 유형": "소분포장"
    },
    {
        "id": 2,
        "name": "ANF 캣 유기농 6Free 인도어 키튼 2kg",
        "image": "https://mamacat.co.kr/web/product/big/20191202/a2d8db4cf5aa70fa59b87a6b6e11a1c4.jpg",
        "상품 간략설명": "자묘용 | 유기농 (1,095원/100g당)",
        "가격정책": "마마캣 회원등급 할인 상품",
        "유통기한": "2022.05.08.",
        "사료등급": "유기농",
        "정상 소비자가": "25,000원",
        "마마캣 판매가": "21,900원",
        "가장 높은 회원등급 할인 적용시 구매가": "20,810원 (최대 1,090원 할인)",
        "원산지": "대한민국",
        "제조자 | 수입자": "ANF",
        "사용 연령": "자묘용 (12개월 이하)",
        "100g 가격": "1,095원",
        "포장단위별 용량, 수량": "2kg",
        "법에 의한 인증 및 허가": "사료관리법에 따른 수입신고를 필함",
        "원료구성": "동물성단백질(닭고기, 가수분해연어단백, 참치어분, 동물성가수분해단백), 유기농 식물성 단백질, 유기농쌀, 정제계유, 완두단백, 해바라기씨박, 비트펄프, 유기 아마씨, 유기현미, 유기보리, 유기참깨박, 천연광물질, 해바라기씨, L-라이신 등",
        "성분구성": "조단백 36.0%이상, 조지방 14.0%이상, 조섬유 5.0%이하, 조회분 12.0%이하, 칼슘 0.9%이상, 인 0.6%이상, 수분 11.0%이하, 칼로리 약 382kcal/100g",
        "현재 재고 수량": "41개",
        "소비자 상담 전화": "마마캣 고객센터 (1544-6141)",
        "제품 포장 유형": "소분포장"
    },
    {
        "id": 3,
        "name": "ANF 캣 유기농 6Free 인도어 키튼 6kg",
        "image": "https://mamacat.co.kr/web/product/big/20191202/b10182640add8ca9e23cc0ce9c45e29d.jpg",
        "상품 간략설명": "자묘용 | 유기농 (781원/100g당)",
        "가격정책": "마마캣 회원등급 할인 상품",
        "유통기한": "2022.06.15.",
        "사료등급": "유기농",
        "정상 소비자가": "58,000원",
        "마마캣 판매가": "46,900원",
        "가장 높은 회원등급 할인 적용시 구매가": "44,560원 (최대 2,340원 할인)",
        "원산지": "대한민국",
        "제조자 | 수입자": "ANF",
        "사용 연령": "자묘용 (12개월 이하)",
        "100g 가격": "781원",
        "포장단위별 용량, 수량": "6kg",
        "법에 의한 인증 및 허가": "사료관리법에 따른 수입신고를 필함",
        "원료구성": "동물성단백질(닭고기, 가수분해연어단백, 참치어분, 동물성가수분해단백), 유기농 식물성 단백질, 유기농쌀, 정제계유, 완두단백, 해바라기씨박, 비트펄프, 유기 아마씨, 유기현미, 유기보리, 유기참깨박, 천연광물질, 해바라기씨, L-라이신 등",
        "성분구성": "조단백 36.0%이상, 조지방 14.0%이상, 조섬유 5.0%이하, 조회분 12.0%이하, 칼슘 0.9%이상, 인 0.6%이상, 수분 11.0%이하, 칼로리 약 382kcal/100g",
        "현재 재고 수량": "31개",
        "소비자 상담 전화": "마마캣 고객센터 (1544-6141)",
        "제품 포장 유형": "소분포장"
    },
    {
        "id": 4,
        "name": "ANF 캣푸드 고양이캔 6종 맛보기 95g × 6개",
        "image": "https://mamacat.co.kr/web/product/big/20200623/1a6401a4b17b71a6b606bf75deb295fc.jpg",
        "가격정책": "마마캣 회원등급 할인 상품",
        "정상 소비자가": "9,000원",
        "마마캣 판매가": "7,800원",
        "가장 높은 회원등급 할인 적용시 구매가": "7,410원 (최대 390원 할인)",
        "원산지": "태국",
        "제조자 | 수입자": "Unicord Public Co.,Ltd. | ANF 주식회사",
        "사용 연령": "7개월 이상 추천",
        "포장단위별 용량, 수량": "95g × 6개",
        "법에 의한 인증 및 허가": "사료관리법에 따른 수입신고를 필함",
        "원료구성": "상세페이지 참고",
        "성분구성": "상세페이지 참고",
        "현재 재고 수량": "79개",
        "소비자 상담 전화": "마마캣 고객센터 (1544-6141)"
    },
    {
        "id": 5,
        "name": "ANF 캣푸드 고양이캔 참치게맛살 95g × 24개",
        "image": "https://mamacat.co.kr/web/product/big/201608/2301_shop1_435611.jpg",
        "가격정책": "마마캣 회원등급 할인 상품",
        "유통기한": "2023.02.11.",
        "정상 소비자가": "36,000원",
        "마마캣 판매가": "28,800원",
        "가장 높은 회원등급 할인 적용시 구매가": "27,360원 (최대 1,440원 할인)",
        "원산지": "태국",
        "제조자 | 수입자": "Unicord Public Co.,Ltd. | ANF 주식회사",
        "사용 연령": "7개월 이상 추천",
        "100g 가격": "1135원",
        "포장단위별 용량, 수량": "95g × 24개",
        "법에 의한 인증 및 허가": "사료관리법에 따른 수입신고를 필함",
        "원료구성": "참치, 정제수, 게맛살, 젤리, 비타민 E",
        "성분구성": "조단백 10.0%이상, 조지방 0.2%이상, 조회분 2.0%이하, 조섬유 2.4%이하, 칼슘 0.003%이상, 인 0.5%이상, 수분 87%이하",
        "현재 재고 수량": "3개",
        "소비자 상담 전화": "마마캣 고객센터 (1544-6141)"
    },
    {
        "id": 6,
        "name": "ANF 캣푸드 고양이캔 참치게맛살 95g",
        "image": "https://mamacat.co.kr/web/product/big/20200623/5448d54ca48e8cd78d347ece23274ac6.jpg",
        "가격정책": "마마캣 회원등급 할인 상품",
        "유통기한": "2023.02.11.",
        "정상 소비자가": "1,500원",
        "마마캣 판매가": "1,300원",
        "가장 높은 회원등급 할인 적용시 구매가": "1,240원 (최대 60원 할인)",
        "원산지": "태국",
        "제조자 | 수입자": "Unicord Public Co.,Ltd. | ANF 주식회사",
        "사용 연령": "7개월 이상 추천",
        "100g 가격": "1221원",
        "포장단위별 용량, 수량": "95g",
        "법에 의한 인증 및 허가": "사료관리법에 따른 수입신고를 필함",
        "원료구성": "참치, 정제수, 게맛살, 젤리, 비타민 E",
        "성분구성": "조단백 10.0%이상, 조지방 0.2%이상, 조회분 2.0%이하, 조섬유 2.4%이하, 칼슘 0.003%이상, 인 0.5%이상, 수분 87%이하",
        "현재 재고 수량": "39개",
        "소비자 상담 전화": "마마캣 고객센터 (1544-6141)"
    },
    {
        "id": 7,
        "name": "ANF 캣푸드 고양이캔 참치무스 95g × 24개",
        "image": "https://mamacat.co.kr/web/product/big/201701/3874_shop1_825841.jpg",
        "가격정책": "마마캣 회원등급 할인 상품",
        "유통기한": "2023.03.12.",
        "정상 소비자가": "36,000원",
        "마마캣 판매가": "28,800원",
        "가장 높은 회원등급 할인 적용시 구매가": "27,360원 (최대 1,440원 할인)",
        "원산지": "태국",
        "제조자 | 수입자": "Unicord Public Co.,Ltd. | ANF 주식회사",
        "사용 연령": "7개월 이상 추천",
        "100g 가격": "1135원",
        "포장단위별 용량, 수량": "95g × 24개",
        "법에 의한 인증 및 허가": "사료관리법에 따른 수입신고를 필함",
        "원료구성": "참치, 정제수, 젤리",
        "성분구성": "조단백 9.0% 이상, 조지방 0.5% 이상, 조회분 3.0% 이하, 조섬유 1.0% 이하, 칼슘 0.001% 이상, 인 0.1% 이하, 수분 88% 이하",
        "현재 재고 수량": "18개",
        "소비자 상담 전화": "마마캣 고객센터 (1544-6141)"
    },
    {
        "id": 8,
        "name": "ANF 캣푸드 고양이캔 참치무스 95g",
        "image": "https://mamacat.co.kr/web/product/big/20200623/099c281b5c9f8dd5f1be49d9d263d2a6.jpg",
        "가격정책": "마마캣 회원등급 할인 상품",
        "유통기한": "2023.03.12.",
        "정상 소비자가": "1,500원",
        "마마캣 판매가": "1,300원",
        "가장 높은 회원등급 할인 적용시 구매가": "1,240원 (최대 60원 할인)",
        "원산지": "태국",
        "제조자 | 수입자": "Unicord Public Co.,Ltd. | ANF 주식회사",
        "사용 연령": "7개월 이상 추천",
        "100g 가격": "1221원",
        "포장단위별 용량, 수량": "95g",
        "법에 의한 인증 및 허가": "사료관리법에 따른 수입신고를 필함",
        "원료구성": "참치, 정제수, 젤리",
        "성분구성": "조단백 9.0% 이상, 조지방 0.5% 이상, 조회분 3.0% 이하, 조섬유 1.0% 이하, 칼슘 0.001% 이상, 인 0.1% 이하, 수분 88% 이하",
        "현재 재고 수량": "73개",
        "소비자 상담 전화": "마마캣 고객센터 (1544-6141)"
    },
    {
        "id": 9,
        "name": "ANF 캣푸드 고양이캔 참치새우 95g × 24개",
        "image": "https://mamacat.co.kr/web/product/big/201608/7817_shop1_562002.jpg",
        "가격정책": "마마캣 회원등급 할인 상품",
        "유통기한": "2022.10.22.",
        "정상 소비자가": "36,000원",
        "마마캣 판매가": "28,800원",
        "가장 높은 회원등급 할인 적용시 구매가": "27,360원 (최대 1,440원 할인)",
        "원산지": "태국",
        "제조자 | 수입자": "Unicord Public Co.,Ltd. | ANF 주식회사",
        "사용 연령": "7개월 이상 추천",
        "100g 가격": "1135원",
        "포장단위별 용량, 수량": "95g × 24개",
        "법에 의한 인증 및 허가": "사료관리법에 따른 수입신고를 필함",
        "원료구성": "참치(흰살), 새우(통살), 정제수, 젤리, 비타민, 미네랄",
        "성분구성": "조단백 12.0% 이상, 조지방 0.2% 이상, 조회분 3.0% 이하, 조섬유 1.0% 이하, 칼슘 0.01% 이상, 인 0.05% 이상, 수분 85% 이하",
        "현재 재고 수량": "19개",
        "소비자 상담 전화": "마마캣 고객센터 (1544-6141)"
    },
    {
        "id": 10,
        "name": "ANF 캣푸드 고양이캔 참치새우 95g",
        "image": "https://mamacat.co.kr/web/product/big/20200623/a60a7cbe4843116e93df8c168f35359b.jpg",
        "가격정책": "마마캣 회원등급 할인 상품",
        "유통기한": "2022.10.22.",
        "정상 소비자가": "1,500원",
        "마마캣 판매가": "1,300원",
        "가장 높은 회원등급 할인 적용시 구매가": "1,240원 (최대 60원 할인)",
        "원산지": "태국",
        "제조자 | 수입자": "Unicord Public Co.,Ltd. | ANF 주식회사",
        "사용 연령": "7개월 이상 추천",
        "100g 가격": "1221원",
        "포장단위별 용량, 수량": "95g",
        "법에 의한 인증 및 허가": "사료관리법에 따른 수입신고를 필함",
        "원료구성": "참치(흰살), 새우(통살), 정제수, 젤리, 비타민, 미네랄",
        "성분구성": "조단백 12.0% 이상, 조지방 0.2% 이상, 조회분 3.0% 이하, 조섬유 1.0% 이하, 칼슘 0.01% 이상, 인 0.05% 이상, 수분 85% 이하",
        "현재 재고 수량": "23개",
        "소비자 상담 전화": "마마캣 고객센터 (1544-6141)"
    },
    {
        "id": 11,
        "name": "ANF 캣푸드 고양이캔 참치순살 95g × 24개",
        "image": "https://mamacat.co.kr/web/product/big/201607/1105_shop1_712969.jpg",
        "가격정책": "마마캣 회원등급 할인 상품",
        "유통기한": "2022.06.23.",
        "정상 소비자가": "36,000원",
        "마마캣 판매가": "28,800원",
        "가장 높은 회원등급 할인 적용시 구매가": "27,360원 (최대 1,440원 할인)",
        "원산지": "태국",
        "제조자 | 수입자": "Unicord Public Co.,Ltd. | ANF 주식회사",
        "사용 연령": "7개월 이상 추천",
        "100g 가격": "1135원",
        "포장단위별 용량, 수량": "95g × 24개",
        "법에 의한 인증 및 허가": "사료관리법에 따른 수입신고를 필함",
        "원료구성": "참치, 정제수, 젤리, 비타민E",
        "성분구성": "조단백 10.0%이상, 조지방 0.2%이상, 조회분 2.0%이하, 조섬유 2.4%이하, 칼슘 0.003%이상, 인 1.5%이하, 수분 87%이하",
        "현재 재고 수량": "22개",
        "소비자 상담 전화": "마마캣 고객센터 (1544-6141)"
    },
    {
        "id": 12,
        "name": "ANF 캣푸드 고양이캔 참치순살 95g",
        "image": "https://mamacat.co.kr/web/product/big/20200623/ca63a1e2b7e45466d9e58dd7c46876ae.jpg",
        "가격정책": "마마캣 회원등급 할인 상품",
        "유통기한": "2022.06.23.",
        "정상 소비자가": "1,500원",
        "마마캣 판매가": "1,300원",
        "가장 높은 회원등급 할인 적용시 구매가": "1,240원 (최대 60원 할인)",
        "원산지": "태국",
        "제조자 | 수입자": "Unicord Public Co.,Ltd. | ANF 주식회사",
        "사용 연령": "7개월 이상 추천",
        "100g 가격": "1221원",
        "포장단위별 용량, 수량": "95g",
        "법에 의한 인증 및 허가": "사료관리법에 따른 수입신고를 필함",
        "원료구성": "참치, 정제수, 젤리, 비타민E",
        "성분구성": "조단백 10.0%이상, 조지방 0.2%이상, 조회분 2.0%이하, 조섬유 2.4%이하, 칼슘 0.003%이상, 인 1.5%이하, 수분 87%이하",
        "현재 재고 수량": "68개",
        "소비자 상담 전화": "마마캣 고객센터 (1544-6141)"
    },
    {
        "id": 13,
        "name": "ANF 캣푸드 고양이캔 참치연어 95g × 24개",
        "image": "https://mamacat.co.kr/web/product/big/201608/7815_shop1_817316.jpg",
        "가격정책": "마마캣 회원등급 할인 상품",
        "유통기한": "2023.02.10.",
        "정상 소비자가": "36,000원",
        "마마캣 판매가": "28,800원",
        "가장 높은 회원등급 할인 적용시 구매가": "27,360원 (최대 1,440원 할인)",
        "원산지": "태국",
        "제조자 | 수입자": "Unicord Public Co.,Ltd. | ANF 주식회사",
        "사용 연령": "7개월 이상 추천",
        "100g 가격": "1135원",
        "포장단위별 용량, 수량": "95g × 24개",
        "법에 의한 인증 및 허가": "사료관리법에 따른 수입신고를 필함",
        "원료구성": "참치, 연어, 정제수, 젤리, 비타민E, 미네랄",
        "성분구성": "조단백 12.0% 이상, 조지방 0.2% 이상, 조회분 3.0% 이하, 조섬유 1.0% 이하, 칼슘 0.003% 이상, 인 0.05% 이상, 수분 85% 이하",
        "현재 재고 수량": "27개",
        "소비자 상담 전화": "마마캣 고객센터 (1544-6141)"
    },
    {
        "id": 14,
        "name": "ANF 캣푸드 고양이캔 참치연어 95g",
        "image": "https://mamacat.co.kr/web/product/big/20200623/203e71080e6c4785c7c83f363472715f.jpg",
        "가격정책": "마마캣 회원등급 할인 상품",
        "유통기한": "2023.02.10.",
        "정상 소비자가": "1,500원",
        "마마캣 판매가": "1,300원",
        "가장 높은 회원등급 할인 적용시 구매가": "1,240원 (최대 60원 할인)",
        "원산지": "태국",
        "제조자 | 수입자": "Unicord Public Co.,Ltd. | ANF 주식회사",
        "사용 연령": "7개월 이상 추천",
        "100g 가격": "1221원",
        "포장단위별 용량, 수량": "95g",
        "법에 의한 인증 및 허가": "사료관리법에 따른 수입신고를 필함",
        "원료구성": "참치, 연어, 정제수, 젤리, 비타민E, 미네랄",
        "성분구성": "조단백 12.0% 이상, 조지방 0.2% 이상, 조회분 3.0% 이하, 조섬유 1.0% 이하, 칼슘 0.003% 이상, 인 0.05% 이상, 수분 85% 이하",
        "현재 재고 수량": "27개",
        "소비자 상담 전화": "마마캣 고객센터 (1544-6141)"
    },
    {
        "id": 15,
        "name": "ANF 캣푸드 고양이캔 참치치킨무스 95g × 24개",
        "image": "https://mamacat.co.kr/web/product/big/201701/3876_shop1_376728.jpg",
        "가격정책": "마마캣 회원등급 할인 상품",
        "유통기한": "2022.07.16.",
        "정상 소비자가": "36,000원",
        "마마캣 판매가": "28,800원",
        "가장 높은 회원등급 할인 적용시 구매가": "27,360원 (최대 1,440원 할인)",
        "원산지": "태국",
        "제조자 | 수입자": "Unicord Public Co.,Ltd. | ANF 주식회사",
        "사용 연령": "7개월 이상 추천",
        "100g 가격": "1135원",
        "포장단위별 용량, 수량": "95g × 24개",
        "법에 의한 인증 및 허가": "사료관리법에 따른 수입신고를 필함",
        "원료구성": "참치, 닭고기, 정제수, 젤리",
        "성분구성": "조단백 9.0%이상, 조지방 0.4%이상, 조회분 3.0%이하, 조섬유 1.0%이하, 칼슘 0.001%이상, 인 0.1%이하, 수분 88%이하",
        "현재 재고 수량": "14개",
        "소비자 상담 전화": "마마캣 고객센터 (1544-6141)"
    },
    {
        "id": 16,
        "name": "ANF 캣푸드 고양이캔 참치치킨무스 95g",
        "image": "https://mamacat.co.kr/web/product/big/20200623/5ddf467abc96de8f63fc1613305d839c.jpg",
        "가격정책": "마마캣 회원등급 할인 상품",
        "유통기한": "2022.07.16.",
        "정상 소비자가": "1,500원",
        "마마캣 판매가": "1,300원",
        "가장 높은 회원등급 할인 적용시 구매가": "1,240원 (최대 60원 할인)",
        "원산지": "태국",
        "제조자 | 수입자": "Unicord Public Co.,Ltd. | ANF 주식회사",
        "사용 연령": "7개월 이상 추천",
        "100g 가격": "1221원",
        "포장단위별 용량, 수량": "95g",
        "법에 의한 인증 및 허가": "사료관리법에 따른 수입신고를 필함",
        "원료구성": "참치, 닭고기, 정제수, 젤리",
        "성분구성": "조단백 9.0%이상, 조지방 0.4%이상, 조회분 3.0%이하, 조섬유 1.0%이하, 칼슘 0.001%이상, 인 0.1%이하, 수분 88%이하",
        "현재 재고 수량": "75개",
        "소비자 상담 전화": "마마캣 고객센터 (1544-6141)"
    },
    {
        "id": 17,
        "name": "ANF 테이스틱 4종 맛보기 56g × 4개",
        "image": "https://mamacat.co.kr/web/product/big/20200623/22e898448b179dca8ac81d5c231b731e.jpg",
        "가격정책": "마마캣 회원등급 할인 상품",
        "유통기한": "각 상품의 상세페이지 참고",
        "정상 소비자가": "12,000원",
        "마마캣 판매가": "10,980원",
        "가장 높은 회원등급 할인 적용시 구매가": "10,440원 (최대 540원 할인)",
        "사용 연령": "3개월 이상 추천",
        "100g 가격": "5,903원",
        "포장단위별 용량, 수량": "56g × 4개",
        "법에 의한 인증 및 허가": "사료관리법에 따른 수입신고를 필함",
        "원료구성": "각 상품의 상세페이지 참고",
        "성분구성": "각 상품의 상세페이지 참고",
        "색상": "노랑/보라/빨강/주황",
        "현재 재고 수량": "76개",
        "소비자 상담 전화": "마마캣 고객센터 (1544-6141)"
    },
    {
        "id": 18,
        "name": "ANF 테이스틱 닭가슴살과 크랜베리 14g × 4봉",
        "image": "https://mamacat.co.kr/web/product/big/20200623/897b579a4862f524832e8a52d8c43050.jpg",
        "가격정책": "마마캣 회원등급 할인 상품",
        "유통기한": "2023.03.09.",
        "정상 소비자가": "3,000원",
        "마마캣 판매가": "3,000원",
        "가장 높은 회원등급 할인 적용시 구매가": "2,850원 (최대 150원 할인)",
        "사용 연령": "3개월 이상 추천",
        "100g 가격": "5,357원",
        "포장단위별 용량, 수량": "14g × 4개",
        "법에 의한 인증 및 허가": "사료관리법에 따른 수입신고를 필함",
        "원료구성": "닭가슴살,크랜베리,타우린,크릴오일,L-라이신,미네랄프리믹스",
        "성분구성": "조단백질 9.0% 이상,조지방 1.0% 이상,조섬유 0.1% 이하,조회분 3.0% 이하,칼슘 0.01% 이상,인 0.1% 이상,수분 90.0% 이하",
        "색상": "빨간색",
        "현재 재고 수량": "88개",
        "소비자 상담 전화": "마마캣 고객센터 (1544-6141)"
    },
    {
        "id": 19,
        "name": "ANF 테이스틱 닭고기와 연어 14g × 4봉",
        "image": "https://mamacat.co.kr/web/product/big/20200623/4551eb409ff03b972c64ff904d19de3f.jpg",
        "가격정책": "마마캣 회원등급 할인 상품",
        "유통기한": "2023.01.28.",
        "정상 소비자가": "3,000원",
        "마마캣 판매가": "3,000원",
        "가장 높은 회원등급 할인 적용시 구매가": "2,850원 (최대 150원 할인)",
        "사용 연령": "3개월 이상 추천",
        "100g 가격": "5,357원",
        "포장단위별 용량, 수량": "14g × 4개",
        "법에 의한 인증 및 허가": "사료관리법에 따른 수입신고를 필함",
        "원료구성": "닭고기,연어,타우린,크릴오일,연어오일,L-라이신,미네랄프리믹스",
        "성분구성": "조단백질 9.0% 이상,조지방 1.0% 이상,조섬유 0.1% 이하,조회분 3.0% 이하,칼슘 0.01% 이상,인 0.1% 이상,수분 90.0% 이하",
        "색상": "주황색",
        "현재 재고 수량": "169개",
        "소비자 상담 전화": "마마캣 고객센터 (1544-6141)"
    },
    {
        "id": 20,
        "name": "ANF 테이스틱 닭고기와 오징어 14g × 4봉",
        "image": "https://mamacat.co.kr/web/product/big/20200623/d095c210812759e32c237ec6165b8042.jpg",
        "가격정책": "마마캣 회원등급 할인 상품",
        "유통기한": "2022.11.19.",
        "정상 소비자가": "3,000원",
        "마마캣 판매가": "3,000원",
        "가장 높은 회원등급 할인 적용시 구매가": "2,850원 (최대 150원 할인)",
        "사용 연령": "3개월 이상 추천",
        "100g 가격": "5,357원",
        "포장단위별 용량, 수량": "14g × 4개",
        "법에 의한 인증 및 허가": "사료관리법에 따른 수입신고를 필함",
        "원료구성": "닭고기,오징어,타우린,L-라이신,미네랄프리믹스",
        "성분구성": "조단백질 9.0% 이상,조지방 1.0% 이상,조섬유 0.1% 이하,조회분 3.0% 이하,칼슘 0.01% 이상,인 0.1% 이상,수분 90.0% 이하",
        "색상": "보라색",
        "현재 재고 수량": "129개",
        "소비자 상담 전화": "마마캣 고객센터 (1544-6141)"
    },
    {
        "id": 21,
        "name": "ANF 테이스틱 닭고기와 호박 14g × 4봉",
        "image": "https://mamacat.co.kr/web/product/big/20200623/9291260d720aa2169454bf303164e23d.jpg",
        "가격정책": "마마캣 회원등급 할인 상품",
        "유통기한": "2022.11.19.",
        "정상 소비자가": "3,000원",
        "마마캣 판매가": "3,000원",
        "가장 높은 회원등급 할인 적용시 구매가": "2,850원 (최대 150원 할인)",
        "사용 연령": "3개월 이상 추천",
        "100g 가격": "5,357원",
        "포장단위별 용량, 수량": "14g × 4개",
        "법에 의한 인증 및 허가": "사료관리법에 따른 수입신고를 필함",
        "원료구성": "닭고기,호박,타우린,L-라이신,미네랄프리믹스,프로바이오틱스,유카추출물",
        "성분구성": "조단백질 9.0% 이상,조지방 1.0% 이상,조섬유 0.1% 이하,조회분 3.0% 이하,칼슘 0.01% 이상,인 0.1% 이상,수분 90.0% 이하",
        "색상": "노란색",
        "현재 재고 수량": "163개",
        "소비자 상담 전화": "마마캣 고객센터 (1544-6141)"
    },
    {
        "id": 22,
        "name": "ANF 홀리스틱 그레인프리 캣 연어와 노란콩 2.72kg",
        "image": "https://mamacat.co.kr/web/product/big/202008/3d9b071044f67111c661295686478254.png",
        "상품 간략설명": "전연령 | 홀리스틱 (1,340원/100g당)",
        "가격정책": "마마캣 회원등급 할인 상품",
        "유통기한": "2022.05.09.",
        "사료등급": "홀리스틱",
        "정상 소비자가": "45,000원",
        "마마캣 판매가": "36,450원",
        "가장 높은 회원등급 할인 적용시 구매가": "34,630원 (최대 1,820원 할인)",
        "원산지": "미국",
        "제조자 | 수입자": "ANF | ㈜우리와",
        "사용 연령": "전연령 (3개월 이상)",
        "100g 가격": "1,340원",
        "포장단위별 용량, 수량": "2.72kg",
        "법에 의한 인증 및 허가": "사료관리법에 따른 수입신고를 필함",
        "원료구성": "연어분, 완두, 닭고기분말, 완두전분, 닭기름, 완두단백, 아마인, 렌틸콩, 계란분말, 가수분해닭고기분 (천연향미제), 맥주효모, 제이인산칼슘, 염화칼륨, 비타민E, 정제소금, 타우린, 염화콜린, 오렌지식이섬유, 건조당근, 건조크랜베리, 페퍼민트, 캐모마일 등",
        "성분구성": "조단백질 33.0%이상, 조지방 20.0%이상, 조회분 10.0%이하, 조섬유 4.0%이하, 칼슘 1.4%이상, 인 0.8%이상, 수분 10.0%이하",
        "현재 재고 수량": "3개",
        "소비자 상담 전화": "마마캣 고객센터(1588-6141)",
        "제품 포장 유형": "400g 씩 소포장",
        "권장 급여량": "(1일) 1~2kg : 45g 2~5kg : 45~85g 5~7kg : 85~110g 7~9kg : 110~130g",
        "제품 보관방법": "직사광선이 없는 곳에 실온보관"
    },
    {
        "id": 23,
        "name": "ANF 홀리스틱 그레인프리 캣 연어와 노란콩 6.8kg",
        "image": "https://mamacat.co.kr/web/product/big/202008/ffd5eef548e9e4f344bfe007fee783be.png",
        "상품 간략설명": "전연령 | 홀리스틱 (1,047원/100g당)",
        "가격정책": "마마캣 회원등급 할인 상품",
        "유통기한": "2022.05.09.",
        "사료등급": "홀리스틱",
        "정상 소비자가": "88,000원",
        "마마캣 판매가": "71,200원",
        "가장 높은 회원등급 할인 적용시 구매가": "67,640원 (최대 3,560원 할인)",
        "원산지": "미국",
        "제조자 | 수입자": "ANF | ㈜우리와",
        "사용 연령": "전연령 (3개월 이상)",
        "100g 가격": "1,047원",
        "포장단위별 용량, 수량": "6.8kg",
        "법에 의한 인증 및 허가": "사료관리법에 따른 수입신고를 필함",
        "원료구성": "연어분, 완두, 닭고기분말, 완두전분, 닭기름, 완두단백, 아마인, 렌틸콩, 계란분말, 가수분해닭고기분 (천연향미제), 맥주효모, 제이인산칼슘, 염화칼륨, 비타민E, 정제소금, 타우린, 염화콜린, 오렌지식이섬유, 건조당근, 건조크랜베리, 페퍼민트, 캐모마일 등",
        "성분구성": "조단백질 33.0%이상, 조지방 20.0%이상, 조회분 10.0%이하, 조섬유 4.0%이하, 칼슘 1.4%이상, 인 0.8%이상, 수분 10.0%이하",
        "현재 재고 수량": "4개",
        "소비자 상담 전화": "마마캣 고객센터(1588-6141)",
        "제품 포장 유형": "400g 씩 소포장",
        "권장 급여량": "(1일) 1~2kg : 45g 2~5kg : 45~85g 5~7kg : 85~110g 7~9kg : 110~130g",
        "제품 보관방법": "직사광선이 없는 곳에 실온보관"
    },
    {
        "id": 24,
        "name": "ANF 홀리스틱 그레인프리 캣 치킨과 야채 2.72kg 2021.11",
        "image": "https://mamacat.co.kr/web/product/big/202008/379d35f133e2cd7d16933e184daa65fe.png",
        "상품 간략설명": "전연령 | 홀리스틱 (1,340원/100g당)",
        "가격정책": "마마캣 회원등급 할인 상품",
        "유통기한": "2021.11.04.",
        "사료등급": "홀리스틱",
        "정상 소비자가": "45,000원",
        "마마캣 판매가": "20,000원",
        "가장 높은 회원등급 할인 적용시 구매가": "19,000원 (최대 1,000원 할인)",
        "원산지": "미국",
        "제조자 | 수입자": "ANF | ㈜우리와",
        "사용 연령": "전연령 (3개월 이상)",
        "100g 가격": "1,340원",
        "포장단위별 용량, 수량": "2.72kg",
        "법에 의한 인증 및 허가": "사료관리법에 따른 수입신고를 필함",
        "원료구성": "닭고기분, 칠면조분, 완두, 완두전분, 닭기름, 아마인, 가수분해 닭고기분 (천연향미제), 맥주효모, 계란분말, 제이인산칼슘, 건조당근, 건조크랜베리, 페퍼민트, 캐모마일, 로즈마리, 민들레, 건조토마토, 건조블루베리, 오렌지식이섬유, 정제소금, 염화칼륨 등",
        "성분구성": "조단백질 38.0%이상, 조지방 18.0%이상, 조회분 12.0%이하, 조섬유 3.0%이하, 칼슘 1.8%이상, 인 1.2%이상, 수분 10.0%이하",
        "현재 재고 수량": "8개",
        "소비자 상담 전화": "마마캣 고객센터(1588-6141)",
        "제품 포장 유형": "400g 씩 소포장",
        "권장 급여량": "(1일) 1~2kg : 45g 2~5kg : 45~85g 5~7kg : 85~110g 7~9kg : 110~130g",
        "제품 보관방법": "직사광선이 없는 곳에 실온보관"
    },
    {
        "id": 25,
        "name": "ANF 홀리스틱 그레인프리 캣 치킨과 야채 6.8kg 2021.11",
        "image": "https://mamacat.co.kr/web/product/big/202008/ceccc432a6735367d90e5cc03361074d.png",
        "상품 간략설명": "전연령 | 홀리스틱 (1,047원/100g당)",
        "가격정책": "마마캣 회원등급 할인 상품",
        "유통기한": "2021.11.07.",
        "사료등급": "홀리스틱",
        "정상 소비자가": "88,000원",
        "마마캣 판매가": "52,900원",
        "가장 높은 회원등급 할인 적용시 구매가": "50,260원 (최대 2,640원 할인)",
        "원산지": "미국",
        "제조자 | 수입자": "ANF | ㈜우리와",
        "사용 연령": "전연령 (3개월 이상)",
        "100g 가격": "1,047원",
        "포장단위별 용량, 수량": "6.8kg",
        "법에 의한 인증 및 허가": "사료관리법에 따른 수입신고를 필함",
        "원료구성": "닭고기분, 칠면조분, 완두, 완두전분, 닭기름, 아마인, 가수분해 닭고기분 (천연향미제), 맥주효모, 계란분말, 제이인산칼슘, 건조당근, 건조크랜베리, 페퍼민트, 캐모마일, 로즈마리, 민들레, 건조토마토, 건조블루베리, 오렌지식이섬유, 정제소금, 염화칼륨 등",
        "성분구성": "조단백질 38.0%이상, 조지방 18.0%이상, 조회분 12.0%이하, 조섬유 3.0%이하, 칼슘 1.8%이상, 인 1.2%이상, 수분 10.0%이하",
        "현재 재고 수량": "5개",
        "소비자 상담 전화": "마마캣 고객센터(1588-6141)",
        "제품 포장 유형": "400g 씩 소포장",
        "권장 급여량": "(1일) 1~2kg : 45g 2~5kg : 45~85g 5~7kg : 85~110g 7~9kg : 110~130g",
        "제품 보관방법": "직사광선이 없는 곳에 실온보관"
    },
    {
        "id": 26,
        "name": "ANF 홀리스틱 그레인프리 캣 칠면조와 치킨 6.8kg",
        "image": "https://mamacat.co.kr/web/product/big/202008/499dd4458539ccc49fd9625eb993efb0.png",
        "상품 간략설명": "전연령 | 홀리스틱 (1,047원/100g당)",
        "가격정책": "마마캣 회원등급 할인 상품",
        "유통기한": "2022.05.10.",
        "사료등급": "홀리스틱",
        "정상 소비자가": "88,000원",
        "마마캣 판매가": "71,200원",
        "가장 높은 회원등급 할인 적용시 구매가": "67,640원 (최대 3,560원 할인)",
        "원산지": "미국",
        "제조자 | 수입자": "ANF | ㈜우리와",
        "사용 연령": "전연령 (3개월 이상)",
        "100g 가격": "1,047원",
        "포장단위별 용량, 수량": "6.8kg",
        "법에 의한 인증 및 허가": "사료관리법에 따른 수입신고를 필함",
        "원료구성": "칠면조분, 닭고기분, 완두, 완두전분, 닭기름, 아마인, 가수분해 닭고기분(천연향미제), 맥주효모, 계란분말, 제이인산칼슘, 건조당근, 건조크랜베리, 페퍼민트, 캐모마일, 로즈마리, 민들레, 건조토마토, 건조블루베리, 오렌지식이섬유, 정제소금, 염화칼륨 등",
        "성분구성": "조단백질 38.0%이상, 조지방 18.0%이상, 조회분 12.0%이하, 조섬유 3.0%이하, 칼슘 1.8%이상, 인 1.2%이상, 수분 10.0%이하",
        "현재 재고 수량": "3개",
        "소비자 상담 전화": "마마캣 고객센터(1588-6141)",
        "제품 포장 유형": "400g 씩 소포장",
        "권장 급여량": "(1일) 1~2kg : 45g 2~5kg : 45~85g 5~7kg : 85~110g 7~9kg : 110~130g",
        "제품 보관방법": "직사광선이 없는 곳에 실온보관"
    },
    {
        "id": 27,
        "name": "go! 고 내추럴 캣 LID 오리 3.63kg",
        "image": "https://mamacat.co.kr/web/product/big/20200527/df52f464a17b1fe3d73d641741bb7224.jpg",
        "상품 간략설명": "전연령 | 홀리스틱 (1611원/100g당)",
        "가격정책": "마마캣 회원등급 할인 상품",
        "유통기한": "2022.04.15",
        "사료등급": "홀리스틱",
        "정상 소비자가": "65,000원",
        "마마캣 판매가": "55,250원",
        "가장 높은 회원등급 할인 적용시 구매가": "52,490원 (최대 2,760원 할인)",
        "원산지": "캐나다",
        "제조자 | 수입자": "Petcurean",
        "사용 연령": "전연령 (3개월 이상)",
        "100g 가격": "1,522원",
        "포장단위별 용량, 수량": "3.63kg",
        "법에 의한 인증 및 허가": "사료관리법에 따른 수입신고를 필함",
        "원료구성": "오리, 완두콩, 타피오카, 렌즈콩, 병아리콩, 비타민합제(비타민 A, D3, E, C, B12 등), 미량광물질류합제(아연, 철, 구리 등), L-리진",
        "성분구성": "조단백 31.0%이상, 조지방 15.0%이상, 칼슘 1.0%이상, 인 0.8%이상, 조섬유 3.5%이하, 조회분 7.5%이하, 수분 10.0%이하 / 칼로리 = 401kcal/180g 종이컵",
        "현재 재고 수량": "5개",
        "소비자 상담 전화": "마마캣 고객센터 (1544-6141)",
        "제품 포장 유형": "통포장 (지퍼팩 있음)"
    },
    {
        "id": 28,
        "name": "go! 고 내추럴 캣 LID 오리 7.26kg",
        "image": "https://mamacat.co.kr/web/product/big/20200527/dbd91f024b5564399579420448fbdf00.jpg",
        "상품 간략설명": "전연령 | 홀리스틱 (1308원/100g당)",
        "가격정책": "마마캣 회원등급 할인 상품",
        "유통기한": "2022.01.01.",
        "사료등급": "홀리스틱",
        "정상 소비자가": "110,000원",
        "마마캣 판매가": "99,000원",
        "가장 높은 회원등급 할인 적용시 구매가": "94,050원 (최대 4,950원 할인)",
        "원산지": "캐나다",
        "제조자 | 수입자": "Petcurean",
        "사용 연령": "전연령 (3개월 이상)",
        "100g 가격": "1,363원",
        "포장단위별 용량, 수량": "7.26kg",
        "법에 의한 인증 및 허가": "사료관리법에 따른 수입신고를 필함",
        "원료구성": "오리, 완두콩, 타피오카, 렌즈콩, 병아리콩, 비타민합제(비타민 A, D3, E, C, B12 등), 미량광물질류합제(아연, 철, 구리 등), L-리진",
        "성분구성": "조단백 31.0%이상, 조지방 15.0%이상, 칼슘 1.0%이상, 인 0.8%이상, 조섬유 3.5%이하, 조회분 7.5%이하, 수분 10.0%이하 / 칼로리 = 401kcal/180g 종이컵",
        "현재 재고 수량": "3개",
        "소비자 상담 전화": "마마캣 고객센터 (1544-6141)",
        "제품 포장 유형": "통포장 (지퍼팩 있음)"
    },
    {
        "id": 29,
        "name": "go! 고 내추럴 캣 LID 폴록 1.36kg",
        "image": "https://mamacat.co.kr/web/product/big/20200527/9947c2a56b6a856b6fd411b4b92dc9ae.jpg",
        "상품 간략설명": "전연령 | 홀리스틱 (1830원/100g당)",
        "가격정책": "마마캣 회원등급 할인 상품",
        "유통기한": "2022.02.25.",
        "사료등급": "홀리스틱",
        "정상 소비자가": "30,000원",
        "마마캣 판매가": "24,900원",
        "가장 높은 회원등급 할인 적용시 구매가": "23,660원 (최대 1,240원 할인)",
        "원산지": "캐나다",
        "제조자 | 수입자": "Petcurean | 이글벳",
        "사용 연령": "전연령 (3개월 이상)",
        "100g 가격": "1830원",
        "포장단위별 용량, 수량": "1.36kg",
        "법에 의한 인증 및 허가": "사료관리법에 따른 수입신고를 필함",
        "원료구성": "폴록(대구과 생선),통건조계란, 완두콩, 타피오카, 렌틸콩, 병아리콩, 카놀라오일, 코코넛오일, 천연착향료, 염화콜린, 염화칼륨, 인산, 건조치커리뿌리, 염화나트륨, 비타민합제, 미량광물질류합제 등",
        "성분구성": "조단백 30.0%이상, 조지방 15.0%이상, 칼슘 1.0%이상, 인 0.8%이상, 조섬유 3.0%이하, 조회분 6.5%이하, 수분 10.0%이하 / 칼로리 = 336kcal/180g 종이컵",
        "현재 재고 수량": "7개",
        "소비자 상담 전화": "마마캣 고객센터 (1544-6141)",
        "제품 포장 유형": "통포장 (지퍼팩 있음)"
    },
    {
        "id": 30,
        "name": "go! 고 내추럴 캣 LID 폴록 3.63kg",
        "image": "https://mamacat.co.kr/web/product/big/20200527/2e303b16708c454c9ca6eaafd85c694b.jpg",
        "상품 간략설명": "전연령 | 홀리스틱 (1522원/100g당)",
        "가격정책": "마마캣 회원등급 할인 상품",
        "유통기한": "2022.02.25.",
        "사료등급": "홀리스틱",
        "정상 소비자가": "65,000원",
        "마마캣 판매가": "55,250원",
        "가장 높은 회원등급 할인 적용시 구매가": "52,490원 (최대 2,760원 할인)",
        "원산지": "캐나다",
        "제조자 | 수입자": "Petcurean",
        "사용 연령": "전연령 (3개월 이상)",
        "100g 가격": "1,522원",
        "포장단위별 용량, 수량": "3.63kg",
        "법에 의한 인증 및 허가": "사료관리법에 따른 수입신고를 필함",
        "원료구성": "폴록(대구과 생선),통건조계란, 완두콩, 타피오카, 렌틸콩, 병아리콩, 카놀라오일, 코코넛오일, 천연착향료, 염화콜린, 염화칼륨, 인산, 건조치커리뿌리, 염화나트륨, 비타민합제, 미량광물질류합제 등",
        "성분구성": "조단백 30.0%이상, 조지방 15.0%이상, 칼슘 1.0%이상, 인 0.8%이상, 조섬유 3.0%이하, 조회분 6.5%이하, 수분 10.0%이하 / 칼로리 = 336kcal/180g 종이컵",
        "현재 재고 수량": "8개",
        "소비자 상담 전화": "마마캣 고객센터 (1544-6141)",
        "제품 포장 유형": "통포장 (지퍼팩 있음)"
    },
    {
        "id": 31,
        "name": "go! 고 내추럴 캣 LID 폴록 7.26kg",
        "image": "https://mamacat.co.kr/web/product/big/20200527/2af7e852127d61d88a1bb604e182711f.jpg",
        "상품 간략설명": "전연령 | 홀리스틱 (1212원/100g당)",
        "가격정책": "마마캣 회원등급 할인 상품",
        "유통기한": "2022.02.25.",
        "사료등급": "홀리스틱",
        "정상 소비자가": "100,000원",
        "마마캣 판매가": "100,000원",
        "가장 높은 회원등급 할인 적용시 구매가": "95,000원 (최대 5,000원 할인)",
        "원산지": "캐나다",
        "제조자 | 수입자": "Petcurean",
        "사용 연령": "전연령 (3개월 이상)",
        "100g 가격": "1377원",
        "포장단위별 용량, 수량": "7.26kg",
        "법에 의한 인증 및 허가": "사료관리법에 따른 수입신고를 필함",
        "원료구성": "폴록(대구과 생선),통건조계란, 완두콩, 타피오카, 렌틸콩, 병아리콩, 카놀라오일, 코코넛오일, 천연착향료, 염화콜린, 염화칼륨, 인산, 건조치커리뿌리, 염화나트륨, 비타민합제, 미량광물질류합제 등",
        "성분구성": "조단백 30.0%이상, 조지방 15.0%이상, 칼슘 1.0%이상, 인 0.8%이상, 조섬유 3.0%이하, 조회분 6.5%이하, 수분 10.0%이하 / 칼로리 = 336kcal/180g 종이컵",
        "현재 재고 수량": "5개",
        "소비자 상담 전화": "마마캣 고객센터 (1544-6141)",
        "제품 포장 유형": "통포장 (지퍼팩 있음)"
    },
    {
        "id": 32,
        "name": "go! 고 내추럴 캣 스킨앤코트 연어레시피 인도어 1.36kg",
        "image": "https://mamacat.co.kr/web/product/big/202007/fb4a6595544b601e6b65831442acd553.png",
        "상품 간략설명": "전연령 | 홀리스틱 (1507원/100g당)",
        "가격정책": "마마캣 회원등급 할인 상품",
        "유통기한": "2022.02.20.",
        "사료등급": "홀리스틱",
        "정상 소비자가": "30,000원",
        "마마캣 판매가": "20,500원",
        "가장 높은 회원등급 할인 적용시 구매가": "19,480원 (최대 1,020원 할인)",
        "원산지": "캐나다",
        "제조자 | 수입자": "Petcurean | 이글벳",
        "사용 연령": "전연령 (3개월 이상)",
        "100g 가격": "1507원",
        "포장단위별 용량, 수량": "1.36kg",
        "법에 의한 인증 및 허가": "사료관리법에 따른 수입신고를 필함",
        "원료구성": "뼈를 발라낸 연어, 연어분말, 완두콩, 타피오카, 닭고기분말, 렌틸콩, 닭고기 지방, 아마씨, 완두콩섬유, 천연닭고기향, 사과, 당근, 크랜베리, 건조 치꺼리뿌리, 인산, 염화나트륨, 건조 락토바실러스 애시도필러스, 건조 엔테로코커스 패시움 등",
        "성분구성": "조단백 30%이상, 조지방 9%이상, 칼슘 0.9%이상, 인 0.9%이상, 조섬유 3.5%이하, 조회분 8%이하, 수분 10%이하",
        "현재 재고 수량": "6개",
        "소비자 상담 전화": "마마캣 고객센터 (1544-6141)",
        "제품 포장 유형": "통포장 (지퍼팩 있음)"
    },
    {
        "id": 33,
        "name": "go! 고 내추럴 캣 스킨앤코트 연어레시피 인도어 3.63kg",
        "image": "https://mamacat.co.kr/web/product/big/202007/e42c544bfbedb43a7361a28ed4c7b047.png",
        "상품 간략설명": "전연령 | 홀리스틱 (1295원/100g당)",
        "가격정책": "마마캣 회원등급 할인 상품",
        "유통기한": "2021.12.16.",
        "사료등급": "홀리스틱",
        "정상 소비자가": "65,000원",
        "마마캣 판매가": "47,020원",
        "가장 높은 회원등급 할인 적용시 구매가": "44,670원 (최대 2,350원 할인)",
        "원산지": "캐나다",
        "제조자 | 수입자": "Petcurean",
        "사용 연령": "전연령 (3개월 이상)",
        "100g 가격": "1,295원",
        "포장단위별 용량, 수량": "3.63kg",
        "법에 의한 인증 및 허가": "사료관리법에 따른 수입신고를 필함",
        "원료구성": "뼈를 발라낸 연어, 연어분말, 완두콩, 타피오카, 닭고기분말, 렌틸콩, 닭고기 지방, 아마씨, 완두콩섬유, 천연닭고기향, 사과, 당근, 크랜베리, 건조 치꺼리뿌리, 인산, 염화나트륨, 건조 락토바실러스 애시도필러스, 건조 엔테로코커스 패시움 등",
        "성분구성": "조단백 30%이상, 조지방 9%이상, 칼슘 0.9%이상, 인 0.9%이상, 조섬유 3.5%이하, 조회분 8%이하, 수분 10%이하",
        "현재 재고 수량": "4개",
        "소비자 상담 전화": "마마캣 고객센터 (1544-6141)",
        "제품 포장 유형": "통포장 (지퍼팩 있음)"
    },
    {
        "id": 34,
        "name": "go! 고 내추럴 캣 스킨앤코트 연어레시피 인도어 7.26kg",
        "image": "https://mamacat.co.kr/web/product/big/202007/015f2f65d0d4011032b275a1d26cff63.png",
        "상품 간략설명": "전연령 | 홀리스틱 (1212원/100g당)",
        "가격정책": "마마캣 회원등급 할인 상품",
        "유통기한": "2021.10.10.",
        "사료등급": "홀리스틱",
        "정상 소비자가": "100,000원",
        "마마캣 판매가": "88,000원",
        "가장 높은 회원등급 할인 적용시 구매가": "83,600원 (최대 4,400원 할인)",
        "원산지": "캐나다",
        "제조자 | 수입자": "Petcurean",
        "사용 연령": "전연령 (3개월 이상)",
        "100g 가격": "1212원",
        "포장단위별 용량, 수량": "7.26kg",
        "법에 의한 인증 및 허가": "사료관리법에 따른 수입신고를 필함",
        "원료구성": "뼈를 발라낸 연어, 연어분말, 완두콩, 타피오카, 닭고기분말, 렌틸콩, 닭고기 지방, 아마씨, 완두콩섬유, 천연닭고기향, 사과, 당근, 크랜베리, 건조 치꺼리뿌리, 인산, 염화나트륨, 건조 락토바실러스 애시도필러스, 건조 엔테로코커스 패시움 등",
        "성분구성": "조단백 30%이상, 조지방 9%이상, 칼슘 0.9%이상, 인 0.9%이상, 조섬유 3.5%이하, 조회분 8%이하, 수분 10%이하",
        "현재 재고 수량": "4개",
        "소비자 상담 전화": "마마캣 고객센터 (1544-6141)",
        "제품 포장 유형": "통포장 (지퍼팩 있음)"
    },
    {
        "id": 35,
        "name": "go! 고 내추럴 캣 치킨 1.36kg",
        "image": "https://mamacat.co.kr/web/product/big/20200527/fc8e2ede9c8487dc49a52dccfbd61b00.jpg",
        "상품 간략설명": "전연령 | 홀리스틱 (1507원/100g당)",
        "가격정책": "마마캣 회원등급 할인 상품",
        "유통기한": "2022.04.03.",
        "사료등급": "홀리스틱",
        "정상 소비자가": "25,000원",
        "마마캣 판매가": "20,500원",
        "가장 높은 회원등급 할인 적용시 구매가": "19,480원 (최대 1,020원 할인)",
        "원산지": "캐나다",
        "제조자 | 수입자": "Petcurean",
        "사용 연령": "전연령 (3개월 이상)",
        "100g 가격": "1507원",
        "포장단위별 용량, 수량": "1.36kg",
        "법에 의한 인증 및 허가": "사료관리법에 따른 수입신고를 필함",
        "원료구성": "닭고기, 통현미, 오트밀, 연어, 천연맛, 사과, 당근, 감자, 아마씨, 타우린, 건조락토바실러스 유산균, 건조 에테로코커스 패시움, 비타민합제, 미량광물질류합제, L-리진",
        "성분구성": "조단백 30.0%이상, 조지방 20.0%이상, 칼슘 1.2%이상, 인 0.8%이상, 조섬유 4.0%이하, 조회분 9.0%이하, 수분 10.0%이하 / 칼로리 = 437kcal/180g 종이컵",
        "현재 재고 수량": "13개",
        "소비자 상담 전화": "마마캣 고객센터 (1544-6141)",
        "제품 포장 유형": "통포장 (지퍼팩 있음)"
    },
    {
        "id": 36,
        "name": "go! 고 내추럴 캣 치킨 3.63kg",
        "image": "https://mamacat.co.kr/web/product/big/20200527/3ce3174cf3729453dca20d9a260a75f9.jpg",
        "상품 간략설명": "전연령 | 홀리스틱 (1295원/100g당)",
        "가격정책": "마마캣 회원등급 할인 상품",
        "유통기한": "2022.05.25.",
        "사료등급": "홀리스틱",
        "정상 소비자가": "55,000원",
        "마마캣 판매가": "47,020원",
        "가장 높은 회원등급 할인 적용시 구매가": "44,670원 (최대 2,350원 할인)",
        "원산지": "캐나다",
        "제조자 | 수입자": "Petcurean",
        "사용 연령": "전연령 (3개월 이상)",
        "100g 가격": "1,295원",
        "포장단위별 용량, 수량": "3.63kg",
        "법에 의한 인증 및 허가": "사료관리법에 따른 수입신고를 필함",
        "원료구성": "닭고기, 통현미, 오트밀, 연어, 천연맛, 사과, 당근, 감자, 아마씨, 타우린, 건조락토바실러스 유산균, 건조 에테로코커스 패시움, 비타민합제, 미량광물질류합제, L-리진",
        "성분구성": "조단백 30.0%이상, 조지방 20.0%이상, 칼슘 1.2%이상, 인 0.8%이상, 조섬유 4.0%이하, 조회분 9.0%이하, 수분 10.0%이하 / 칼로리 = 437kcal/180g 종이컵",
        "현재 재고 수량": "4개",
        "소비자 상담 전화": "마마캣 고객센터 (1544-6141)",
        "제품 포장 유형": "통포장 (지퍼팩 있음)"
    },
    {
        "id": 37,
        "name": "go! 고 내추럴 캣 치킨 7.26kg",
        "image": "https://mamacat.co.kr/web/product/big/20200527/b91c64057897725d543c30aa7071b32c.jpg",
        "상품 간략설명": "전연령 | 홀리스틱 (1103원/100g당)",
        "가격정책": "마마캣 회원등급 할인 상품",
        "유통기한": "2021.12.06.",
        "사료등급": "홀리스틱",
        "정상 소비자가": "93,000원",
        "마마캣 판매가": "80,100원",
        "가장 높은 회원등급 할인 적용시 구매가": "76,100원 (최대 4,000원 할인)",
        "원산지": "캐나다",
        "제조자 | 수입자": "Petcurean",
        "사용 연령": "전연령 (3개월 이상)",
        "100g 가격": "1,103원",
        "포장단위별 용량, 수량": "7.26kg",
        "법에 의한 인증 및 허가": "사료관리법에 따른 수입신고를 필함",
        "원료구성": "닭고기, 통현미, 오트밀, 연어, 천연맛, 사과, 당근, 감자, 아마씨, 타우린, 건조락토바실러스 유산균, 건조 에테로코커스 패시움, 비타민합제, 미량광물질류합제, L-리진",
        "성분구성": "조단백 30.0%이상, 조지방 20.0%이상, 칼슘 1.2%이상, 인 0.8%이상, 조섬유 4.0%이하, 조회분 9.0%이하, 수분 10.0%이하 / 칼로리 = 437kcal/180g 종이컵",
        "현재 재고 수량": "2개",
        "소비자 상담 전화": "마마캣 고객센터 (1544-6141)",
        "제품 포장 유형": "통포장 (지퍼 없음)"
    },
    {
        "id": 38,
        "name": "go! 고 내추럴 캣 치킨&칠면조&오리 1.36kg",
        "image": "https://mamacat.co.kr/web/product/big/20200527/87f80f31b27b97b79ca87e2a64e311e3.jpg",
        "상품 간략설명": "전연령 | 홀리스틱 (1683원/100g당)",
        "가격정책": "마마캣 회원등급 할인 상품",
        "유통기한": "2022.03.09.",
        "사료등급": "홀리스틱",
        "정상 소비자가": "29,000원",
        "마마캣 판매가": "22,890원",
        "가장 높은 회원등급 할인 적용시 구매가": "21,750원 (최대 1,140원 할인)",
        "원산지": "캐나다",
        "제조자 | 수입자": "Petcurean",
        "사용 연령": "전연령 (3개월 이상)",
        "100g 가격": "1683원",
        "포장단위별 용량, 수량": "1.36kg",
        "법에 의한 인증 및 허가": "사료관리법에 따른 수입신고를 필함",
        "원료구성": "닭고기, 칠면조, 오리, 송어, 완두콩, 감자, 애호박, 석류, 건조 바실러스 서브틸리스 추출물, 타우린, 비타민합제, 미량광물질류합제, L-리진",
        "성분구성": "조단백 45.0%이상, 조지방 18.0%이상, 칼슘 1.9%이상, 인 1.6%이상, 조섬유 4.0%이하, 조회분 10.0%이하, 수분 10.0%이하 / 칼로리 = 408kcal/180g 종이컵",
        "현재 재고 수량": "14개",
        "소비자 상담 전화": "마마캣 고객센터 (1544-6141)",
        "제품 포장 유형": "통포장 (지퍼팩 있음)"
    },
    {
        "id": 39,
        "name": "go! 고 내추럴 캣 치킨&칠면조&오리 3.63kg",
        "image": "https://mamacat.co.kr/web/product/big/20200527/f111e2573a0e48b9101fdbac2460cab3.jpg",
        "상품 간략설명": "전연령 | 홀리스틱 (1295원/100g당)",
        "가격정책": "마마캣 회원등급 할인 상품",
        "유통기한": "2022.03.09.",
        "사료등급": "홀리스틱",
        "정상 소비자가": "60,000원",
        "마마캣 판매가": "47,020원",
        "가장 높은 회원등급 할인 적용시 구매가": "44,670원 (최대 2,350원 할인)",
        "원산지": "캐나다",
        "제조자 | 수입자": "Petcurean",
        "사용 연령": "전연령 (3개월 이상)",
        "100g 가격": "1,295원",
        "포장단위별 용량, 수량": "3.63kg",
        "법에 의한 인증 및 허가": "사료관리법에 따른 수입신고를 필함",
        "원료구성": "닭고기, 칠면조, 오리, 송어, 완두콩, 감자, 애호박, 석류, 건조 바실러스 서브틸리스 추출물, 타우린, 비타민합제, 미량광물질류합제, L-리진",
        "성분구성": "조단백 45.0%이상, 조지방 18.0%이상, 칼슘 1.9%이상, 인 1.6%이상, 조섬유 4.0%이하, 조회분 10.0%이하, 수분 10.0%이하 / 칼로리 = 408kcal/180g 종이컵",
        "현재 재고 수량": "4개",
        "소비자 상담 전화": "마마캣 고객센터 (1544-6141)",
        "제품 포장 유형": "통포장 (지퍼팩 있음)"
    },
    {
        "id": 40,
        "name": "go! 고 내추럴 캣 치킨&칠면조&오리 7.26kg",
        "image": "https://mamacat.co.kr/web/product/big/20200527/e0f933b59bdcfc8ca997fd085f67e8ff.jpg",
        "상품 간략설명": "전연령 | 홀리스틱 (1152원/100g당)",
        "가격정책": "마마캣 회원등급 할인 상품",
        "유통기한": "2022.04.06.",
        "사료등급": "홀리스틱",
        "정상 소비자가": "93,000원",
        "마마캣 판매가": "83,700원",
        "가장 높은 회원등급 할인 적용시 구매가": "79,520원 (최대 4,180원 할인)",
        "원산지": "캐나다",
        "제조자 | 수입자": "Petcurean",
        "사용 연령": "전연령 (3개월 이상)",
        "100g 가격": "1152원",
        "포장단위별 용량, 수량": "7.26kg",
        "법에 의한 인증 및 허가": "사료관리법에 따른 수입신고를 필함",
        "원료구성": "닭고기, 칠면조, 오리, 송어, 완두콩, 감자, 애호박, 석류, 건조 바실러스 서브틸리스 추출물, 타우린, 비타민합제, 미량광물질류합제, L-리진",
        "성분구성": "조단백 45.0%이상, 조지방 18.0%이상, 칼슘 1.9%이상, 인 1.6%이상, 조섬유 4.0%이하, 조회분 10.0%이하, 수분 10.0%이하 / 칼로리 = 408kcal/180g 종이컵",
        "현재 재고 수량": "5개",
        "소비자 상담 전화": "마마캣 고객센터 (1544-6141)",
        "제품 포장 유형": "통포장 (지퍼 없음)"
    },
    {
        "id": 41,
        "name": "iti 아이티아이 자연건조 져키 스킨앤코트 양고기 100g",
        "image": "https://mamacat.co.kr/web/product/big/202009/c7e91892407d0fa8ba41ccd8b7976e3e.jpg",
        "가격정책": "마마캣 회원등급 할인 상품",
        "유통기한": "2021.12.05",
        "정상 소비자가": "9,000원",
        "마마캣 판매가": "9,000원",
        "가장 높은 회원등급 할인 적용시 구매가": "8,550원 (최대 450원 할인)",
        "원산지": "뉴질랜드",
        "제조자 | 수입자": "Alpine Export NZ LTD | ㈜산시아코리아",
        "사용 연령": "전연령 (생후 3개월 이상)",
        "100g 가격": "9,000원",
        "포장단위별 용량, 수량": "100g",
        "법에 의한 인증 및 허가": "등록번호 : 제 서울-22536호",
        "원료구성": "어린양고기, 양고기, 양의 허파, 양의간, 식물성 글리세린, 레시틴, 로즈메리, 녹색입홍합, 사슴태반",
        "성분구성": "조단백질 25.0%이상, 조지방 20.0%이상, 조섬유 2.0%이하, 조회분 8.0%이하, 칼슘 1.0%이상, 인 0.8%이상, 수분 20.0%이하",
        "현재 재고 수량": "5개",
        "소비자 상담 전화": "마마캣 고객센터(1588-6141)",
        "제품 포장 유형": "지퍼팩이 있는 비닐팩",
        "권장 급여량": "(1일) 5kg 이하 : 10g 5~10kg : 25g",
        "제품 보관방법": "직사광선이 없는 곳에 실온보관",
        "제품 타입": "자연건조 져키"
    },
    {
        "id": 42,
        "name": "iti 아이티아이 자연건조 져키 캣 키티 치킨&연어 200g",
        "image": "https://mamacat.co.kr/web/product/big/202009/56f2af6229ee2c4907fec6fbaac4df08.jpg",
        "가격정책": "마마캣 회원등급 할인 상품",
        "유통기한": "2022.06.08.",
        "정상 소비자가": "14,000원",
        "마마캣 판매가": "14,000원",
        "가장 높은 회원등급 할인 적용시 구매가": "13,300원 (최대 700원 할인)",
        "원산지": "뉴질랜드",
        "제조자 | 수입자": "Alpine Export NZ LTD | ㈜산시아코리아",
        "사용 연령": "전연령 (생후 3개월 이상)",
        "100g 가격": "7,000원",
        "포장단위별 용량, 수량": "200g",
        "법에 의한 인증 및 허가": "등록번호 : 제 서울-22533호",
        "원료구성": "닭고기, 연어, 닭의 간, 완두콩, 식물성 글리세린, 녹색입홍합, 치커리, 파슬리, 아마씨, 다시마, 소금, 탄산칼슘, 염화콜린, 토코페롤, 타우린, 철, 산화아연, 비타민 B3, 황산구리, 비타민 B1, 셀렌산나트륨, 비타민 (A, B5, B2, B6, B7, B12), 엽산",
        "성분구성": "조단백질 31.0%이상, 조지방 23.0%이상, 조섬유 4.0%이하, 조회분 9.0%이하, 칼슘 1.2%이상, 인 1.0%이상, 수분 19.0%이하",
        "현재 재고 수량": "6개",
        "소비자 상담 전화": "마마캣 고객센터(1588-6141)",
        "제품 포장 유형": "지퍼팩이 있는 비닐팩",
        "권장 급여량": "(1일) 1kg 이하 : 17g 1~3kg : 37g 3~5kg : 51g 5~7kg : 64g 7~9kg : 76g 9kg 이상 : 82g",
        "제품 보관방법": "직사광선이 없는 곳에 실온보관",
        "제품 타입": "자연건조 져키"
    },
    {
        "id": 43,
        "name": "iti 아이티아이 자연건조 져키 큐레이티드 컷츠 소고기 100g",
        "image": "https://mamacat.co.kr/web/product/big/202009/8fb63fb2fee0644eba62e0a225a99aa6.jpg",
        "가격정책": "마마캣 회원등급 할인 상품",
        "유통기한": "2021.12.02",
        "정상 소비자가": "9,000원",
        "마마캣 판매가": "9,000원",
        "가장 높은 회원등급 할인 적용시 구매가": "8,550원 (최대 450원 할인)",
        "원산지": "뉴질랜드",
        "제조자 | 수입자": "Alpine Export NZ LTD | ㈜산시아코리아",
        "사용 연령": "전연령 (생후 3개월 이상)",
        "100g 가격": "9,000원",
        "포장단위별 용량, 수량": "100g",
        "법에 의한 인증 및 허가": "등록번호 : 제 서울-22535호",
        "원료구성": "소고기, 갈색설탕, 마늘, 바다소금, 스모크향, 사과식초, 파프리카",
        "성분구성": "조단백질 32.0%이상, 조지방 4.0%이상, 조섬유 2.0%이하, 조회분 8.0%이하, 칼슘 1.0%이상, 인 0.8%이상, 수분 20.0%이하",
        "현재 재고 수량": "5개",
        "소비자 상담 전화": "마마캣 고객센터(1588-6141)",
        "제품 포장 유형": "지퍼팩이 있는 비닐팩",
        "권장 급여량": "(1일) 5kg 이하 : 10g 5~10kg : 25g",
        "제품 보관방법": "직사광선이 없는 곳에 실온보관",
        "제품 타입": "자연건조 져키"
    },
    {
        "id": 44,
        "name": "iti 아이티아이 자연건조 져키 큐레이티드 컷츠 치킨&마누카허니 100g",
        "image": "https://mamacat.co.kr/web/product/big/202009/e2e9d5449b8d6b2e588877b91c745e8c.jpg",
        "가격정책": "마마캣 회원등급 할인 상품",
        "유통기한": "2021.12.02",
        "정상 소비자가": "9,000원",
        "마마캣 판매가": "9,000원",
        "가장 높은 회원등급 할인 적용시 구매가": "8,550원 (최대 450원 할인)",
        "원산지": "뉴질랜드",
        "제조자 | 수입자": "Alpine Export NZ LTD | ㈜산시아코리아",
        "사용 연령": "전연령 (생후 3개월 이후)",
        "100g 가격": "9,000원",
        "포장단위별 용량, 수량": "100g",
        "법에 의한 인증 및 허가": "등록번호 : 제 서울-22534호",
        "원료구성": "닭고기, 갈색설탕, 바다소금, 스모크향, 마누카꿀, 사과식초",
        "성분구성": "조단백질 32.0%이상, 조지방 4.0%이상, 조섬유 2.0%이하, 조회분 8.0%이하, 칼슘 1.0%이상, 인 0.8%이상, 수분 20.0%이하",
        "현재 재고 수량": "7개",
        "소비자 상담 전화": "마마캣 고객센터(1588-6141)",
        "제품 포장 유형": "지퍼팩이 있는 비닐팩",
        "권장 급여량": "(1일) 5kg 이하 : 10g 5~10kg : 25g",
        "제품 보관방법": "직사광선이 없는 곳에 실온보관",
        "제품 타입": "자연건조 져키"
    },
    {
        "id": 45,
        "name": "iti 아이티아이 자연건조 져키 힙 앤 조인트 소고기 100g",
        "image": "https://mamacat.co.kr/web/product/big/202009/ef89b60fc58d476dd63b73a34528be5a.jpg",
        "가격정책": "마마캣 회원등급 할인 상품",
        "유통기한": "2021.11.27",
        "정상 소비자가": "9,000원",
        "마마캣 판매가": "9,000원",
        "가장 높은 회원등급 할인 적용시 구매가": "8,550원 (최대 450원 할인)",
        "원산지": "뉴질랜드",
        "제조자 | 수입자": "Alpine Export NZ LTD | ㈜산시아코리아",
        "사용 연령": "전연령 (생후 3개월 이상)",
        "100g 가격": "9,000원",
        "포장단위별 용량, 수량": "100g",
        "법에 의한 인증 및 허가": "등록번호 : 제 서울-22537호",
        "원료구성": "소고기, 식물성 글리세린, 마늘, 녹색입홍합, 사슴꼬리",
        "성분구성": "조단백질 25.0%이상, 조지방 20.0%이상, 조섬유 2.0%이하, 조회분 8.0%이하, 칼슘 1.0%이상, 인 0.8%이상, 수분 20.0%이하",
        "현재 재고 수량": "5개",
        "소비자 상담 전화": "마마캣 고객센터(1588-6141)",
        "제품 포장 유형": "지퍼팩이 있는 비닐팩",
        "권장 급여량": "(1일) 5kg 이하 : 10g 5~10kg : 25g",
        "제품 보관방법": "직사광선이 없는 곳에 실온보관",
        "제품 타입": "자연건조 져키"
    },
    {
        "id": 46,
        "name": "k9 내추럴 캣 주식캔 닭고기 85g",
        "image": "https://mamacat.co.kr/web/product/big/20200519/fb3af186c2a13969bb7cbb1c7e636aca.jpg",
        "가격정책": "마마캣 회원등급 할인 상품",
        "유통기한": "2024.03.02.",
        "정상 소비자가": "4,000원",
        "마마캣 판매가": "3,600원",
        "가장 높은 회원등급 할인 적용시 구매가": "3,420원 (최대 180원 할인)",
        "원산지": "뉴질랜드",
        "제조자 | 수입자": "K9 Natural food | (주)산시아코리아",
        "사용 연령": "3개월 이상 급여 가능",
        "100g 가격": "3,882원",
        "포장단위별 용량, 수량": "85g",
        "법에 의한 인증 및 허가": "사료관리법에 따른 수입신고를 필함",
        "원료구성": "닭고기, 닭간, 호키오일, 뉴질랜드 녹색 입 홍합, 비타민 E, 산화 마그네슘, 아연, 구리, 망간, 티아민, 비타민 D3, 엽산",
        "성분구성": "조단백질 9.5%이상, 조지방 5.5%이상, 조섬유 0.25%이하, 조회분 4.0%이하, 칼슘 0.3%이상, 인 0.7%이상, 수분 82.0%이하",
        "현재 재고 수량": "158개",
        "소비자 상담 전화": "마마캣 고객센터 (1544-6141)"
    },
    {
        "id": 47,
        "name": "k9 내추럴 캣 주식캔 닭고기&양고기 85g",
        "image": "https://mamacat.co.kr/web/product/big/20200319/f042fe4914a20140a9e879d3959cac92.jpg",
        "가격정책": "마마캣 회원등급 할인 상품",
        "유통기한": "2024.03.26.",
        "정상 소비자가": "4,000원",
        "마마캣 판매가": "3,600원",
        "가장 높은 회원등급 할인 적용시 구매가": "3,420원 (최대 180원 할인)",
        "원산지": "뉴질랜드",
        "제조자 | 수입자": "K9 Natural food | (주)산시아코리아",
        "사용 연령": "3개월 이상 급여 가능",
        "100g 가격": "3,882원",
        "포장단위별 용량, 수량": "85g",
        "법에 의한 인증 및 허가": "사료관리법에 따른 수입신고를 필함",
        "원료구성": "닭고기, 양심장, 양신장, 양간, 양피, 녹색입홍합, 탄산칼슘, 베타카로틴, 아연, 철, 구리, 망간, 티아민, 엽산, 셀레늄, 비타민D, 비타민E",
        "성분구성": "조단백 7.0% 이상, 조지방 7.0% 이상, 조섬유 0.5% 이하, 조회분 2.5% 이하, 칼슘 0.4% 이상, 인 0.1% 이상, 수분 83.0% 이하",
        "현재 재고 수량": "113개",
        "소비자 상담 전화": "마마캣 고객센터 (1544-6141)"
    },
    {
        "id": 48,
        "name": "k9 내추럴 캣 주식캔 소고기 85g",
        "image": "https://mamacat.co.kr/web/product/big/20200519/ba28908a17b54b87cd4b8fd813780b77.jpg",
        "가격정책": "마마캣 회원등급 할인 상품",
        "유통기한": "2024.03.03.",
        "정상 소비자가": "4,000원",
        "마마캣 판매가": "3,600원",
        "가장 높은 회원등급 할인 적용시 구매가": "3,420원 (최대 180원 할인)",
        "원산지": "뉴질랜드",
        "제조자 | 수입자": "K9 Natural food | (주)산시아코리아",
        "사용 연령": "3개월 이상 급여 가능",
        "100g 가격": "3,882원",
        "포장단위별 용량, 수량": "85g",
        "법에 의한 인증 및 허가": "사료관리법에 따른 수입신고를 필함",
        "원료구성": "소고기, 소의내장, 소의심장, 소의신장, 소의비장, 소의간, 소의피, 뉴질랜드 녹색 입 홍합, 호키오일, 해바라기오일, 비타민E, 산화 마그네슘, 아연, 구리, 망간, 티아민, 비타민D3, 엽산",
        "성분구성": "조단백질 7.5%이상, 조지방 7.5%이상, 조섬유 0.3%이하, 조회분 3.0%이하, 칼슘 0.3%이상, 인 0.5%이상, 수분 82.0%이상",
        "현재 재고 수량": "111개",
        "소비자 상담 전화": "마마캣 고객센터 (1544-6141)"
    },
    {
        "id": 49,
        "name": "k9 내추럴 캣 주식캔 소고기&호키 85g",
        "image": "https://mamacat.co.kr/web/product/big/20200319/e0cca1d6acb575f8b728129fd0c2c140.jpg",
        "가격정책": "마마캣 회원등급 할인 상품",
        "유통기한": "2024.03.04.",
        "정상 소비자가": "4,000원",
        "마마캣 판매가": "3,600원",
        "가장 높은 회원등급 할인 적용시 구매가": "3,420원 (최대 180원 할인)",
        "원산지": "뉴질랜드",
        "제조자 | 수입자": "K9 Natural food | (주)산시아코리아",
        "사용 연령": "3개월 이상 급여 가능",
        "100g 가격": "3,882원",
        "포장단위별 용량, 수량": "85g",
        "법에 의한 인증 및 허가": "사료관리법에 따른 수입신고를 필함",
        "원료구성": "소심장, 소신장, 소고기, 소간, 소피, 호키, 아마씨, 해바라기오일, 녹색입홍합, 다시마, 아연, 카놀라오일, 망간, 티아민, 비타민, 엽산, 물",
        "성분구성": "조단백 8.5.0% 이상, 조지방 6.0% 이상, 조섬유 0.5% 이하, 조회분 1.5% 이하, 칼슘 0.1% 이상, 인 0.1% 이상, 수분 81.0% 이하",
        "현재 재고 수량": "406개",
        "소비자 상담 전화": "마마캣 고객센터 (1544-6141)"
    },
    {
        "id": 50,
        "name": "k9 내추럴 캣 주식캔 양고기 85g",
        "image": "https://mamacat.co.kr/web/product/big/20200519/1eb12223c587bc32ed30117225293d36.jpg",
        "가격정책": "마마캣 회원등급 할인 상품",
        "유통기한": "2024.03.26.",
        "정상 소비자가": "4,000원",
        "마마캣 판매가": "3,600원",
        "가장 높은 회원등급 할인 적용시 구매가": "3,420원 (최대 180원 할인)",
        "원산지": "뉴질랜드",
        "제조자 | 수입자": "K9 Natural food | (주)산시아코리아",
        "사용 연령": "3개월 이상 급여 가능",
        "100g 가격": "3,882원",
        "포장단위별 용량, 수량": "85g",
        "법에 의한 인증 및 허가": "사료관리법에 따른 수입신고를 필함",
        "원료구성": "양고기, 양의내장, 양의심장, 양의신장, 양의비장, 양의간, 양의피, 양의뼈, 뉴질랜드 녹생 입 홍합, 호키오일, 비타민E, 산화 마그네슘, 아연, 구리, 망간",
        "성분구성": "조단백질 8.0%이상, 조지방 8.0%이상, 조섬유 0.3%이하, 조회분 2.0%이하, 칼슘 0.35%이상, 인 0.4%이상, 수분 82.0%이하",
        "현재 재고 수량": "330개",
        "소비자 상담 전화": "마마캣 고객센터 (1544-6141)"
    },
    {
        "id": 51,
        "name": "k9 내추럴 캣 주식캔 양고기&연어 85g",
        "image": "https://mamacat.co.kr/web/product/big/20200319/557ea06d5aa3835dd0e4a280830ef468.jpg",
        "가격정책": "마마캣 회원등급 할인 상품",
        "유통기한": "2024.03.02.",
        "정상 소비자가": "4,000원",
        "마마캣 판매가": "3,600원",
        "가장 높은 회원등급 할인 적용시 구매가": "3,420원 (최대 180원 할인)",
        "원산지": "뉴질랜드",
        "제조자 | 수입자": "K9 Natural food | (주)산시아코리아",
        "사용 연령": "3개월 이상 급여 가능",
        "100g 가격": "3,882원",
        "포장단위별 용량, 수량": "85g",
        "법에 의한 인증 및 허가": "사료관리법에 따른 수입신고를 필함",
        "원료구성": "양의 심장, 연어, 양의 신장, 양의 간, 양의 혈액, 아마씨, 뉴질랜드 녹색 입 홍합, 다시마, 비타민E, 아연, 카놀라 오일, 망간, 티아민, 비타민D3, 엽산, 물",
        "성분구성": "조단백질 8%이상, 조지방 7%이상, 조섬유 0.5%이하, 조회분 1.5%이하, 칼슘 0.1%이상, 인 0.1%이상, 수분 81%이하",
        "현재 재고 수량": "275개",
        "소비자 상담 전화": "마마캣 고객센터 (1544-6141)"
    },
    {
        "id": 52,
        "name": "게더 프리 에이커 캣 치킨 1kg",
        "image": "https://mamacat.co.kr/web/product/big/20191118/64c9c0b873ba7171d9805c2efb7263fc.jpg",
        "상품 간략설명": "성묘용 | 홀리스틱 (2,390원/100g당)",
        "가격정책": "마마캣 회원등급 할인 상품",
        "유통기한": "2022.05.25.",
        "박집사 한마디": "가격은 비록 사악하나 원료, 기호성 무엇 하나 빠지지 않는 저단백 사료. 입이 짧은 노묘에게 추천합니다!",
        "사료등급": "홀리스틱",
        "정상 소비자가": "30,000원",
        "마마캣 판매가": "23,900원",
        "가장 높은 회원등급 할인 적용시 구매가": "22,710원 (최대 1,190원 할인)",
        "원산지": "캐나다",
        "제조자 | 수입자": "Petcurean | (주)이글벳",
        "사용 연령": "성묘용 (12개월 이상)",
        "100g 가격": "2,390원",
        "포장단위별 용량, 수량": "1kg",
        "법에 의한 인증 및 허가": "사료관리법에 따른 수입신고를 필함",
        "원료구성": "유기농 닭고기, 유기농 건조닭고기, 유기농 완두콩, 렌즈콩, 닭 지방, 유기농 아마씨, 천연 닭고기향, 블루베리, 크랜베리, 난각분, 비타민합제, 미량광물질류 합제, DL-메티오닌, 타우린, 건조 로즈마리",
        "성분구성": "조단백 29%이상, 조지방 15%이상, 조섬유 4.5%이하, 조회분 9.0%이하, 인 0.6%이상, 칼슘 1.4%이상, 수분 10%이하",
        "현재 재고 수량": "9개",
        "소비자 상담 전화": "마마캣 고객센터 (1544-6141)",
        "제품 포장 유형": "통포장 (지퍼팩 있음)"
    },
    {
        "id": 53,
        "name": "게더 프리 에이커 캣 치킨 3.6kg",
        "image": "https://mamacat.co.kr/web/product/big/20191118/a78430a5a2d60493755e774ef637fc8a.jpg",
        "상품 간략설명": "성묘용 | 홀리스틱 (1916원/100g당)",
        "가격정책": "마마캣 회원등급 할인 상품",
        "유통기한": "2022.06.11.",
        "박집사 한마디": "가격은 비록 사악하나 원료, 기호성 무엇 하나 빠지지 않는 저단백 사료. 입이 짧은 노묘에게 추천합니다!",
        "사료등급": "홀리스틱",
        "정상 소비자가": "82,000원",
        "마마캣 판매가": "69,000원",
        "가장 높은 회원등급 할인 적용시 구매가": "65,550원 (최대 3,450원 할인)",
        "원산지": "캐나다",
        "제조자 | 수입자": "Petcurean | (주)이글벳",
        "사용 연령": "성묘용 (12개월 이상)",
        "100g 가격": "1916원",
        "포장단위별 용량, 수량": "3.6kg",
        "법에 의한 인증 및 허가": "사료관리법에 따른 수입신고를 필함",
        "원료구성": "유기농 닭고기, 유기농 건조닭고기, 유기농 완두콩, 렌즈콩, 닭 지방, 유기농 아마씨, 천연 닭고기향, 블루베리, 크랜베리, 난각분, 비타민합제, 미량광물질류 합제, DL-메티오닌, 타우린, 건조 로즈마리",
        "성분구성": "조단백 29%이상, 조지방 15%이상, 조섬유 4.5%이하, 조회분 9.0%이하, 인 0.6%이상, 칼슘 1.4%이상, 수분 10%이하",
        "현재 재고 수량": "2개",
        "소비자 상담 전화": "마마캣 고객센터 (1544-6141)",
        "제품 포장 유형": "통포장 (지퍼팩 있음)"
    },
    {
        "id": 54,
        "name": "고스비 프레스코 주식캔 시니어 고기만찬 70g × 32개",
        "image": "https://mamacat.co.kr/web/product/big/202010/d590e2921786e8b81d605ee9542b6fbc.png",
        "가격정책": "마마캣 회원등급 할인 상품",
        "유통기한": "2023.04.06.",
        "정상 소비자가": "80,000원",
        "마마캣 판매가": "62,400원",
        "가장 높은 회원등급 할인 적용시 구매가": "59,280원 (최대 3,120원 할인)",
        "원산지": "스페인",
        "제조자 | 수입자": "Gosbi Petfood, S.A. | 주식회사 지앤원",
        "사용 연령": "노묘용 (7세 이상)",
        "100g 가격": "2,785원",
        "포장단위별 용량, 수량": "70g × 32개",
        "법에 의한 인증 및 허가": "사료관리법에 따른 수입신고를 필함",
        "원료구성": "자체육수, 돼지고기, 닭고기, 당근, 토끼고기, 오리고기, 해초류",
        "성분구성": "조단백질 8%이상, 조지방 4%이하, 조섬유 1%이하, 조회분 2%이하, 수분 85%이하",
        "현재 재고 수량": "7개",
        "소비자 상담 전화": "마마캣 고객센터 (1544-6141)",
        "제품 보관방법": "직사광선을 피해 건조하고 서늘한 곳에 보관"
    },
    {
        "id": 55,
        "name": "고스비 프레스코 주식캔 시니어 고기만찬 70g",
        "image": "https://mamacat.co.kr/web/product/big/20200612/d16f1ccaaaa5f3e9506b2a65a6aeea3c.png",
        "가격정책": "마마캣 회원등급 할인 상품",
        "유통기한": "2023.04.06.",
        "정상 소비자가": "2,500원",
        "마마캣 판매가": "2,260원",
        "가장 높은 회원등급 할인 적용시 구매가": "2,150원 (최대 110원 할인)",
        "원산지": "스페인",
        "제조자 | 수입자": "Gosbi Petfood, S.A. | 주식회사 지앤원",
        "사용 연령": "노묘용 (7세 이상)",
        "100g 가격": "3,228원",
        "포장단위별 용량, 수량": "70g",
        "법에 의한 인증 및 허가": "사료관리법에 따른 수입신고를 필함",
        "원료구성": "자체육수, 돼지고기, 닭고기, 당근, 토끼고기, 오리고기, 해초류",
        "성분구성": "조단백질 8%이상, 조지방 4%이하, 조섬유 1%이하, 조회분 2%이하, 수분 85%이하",
        "현재 재고 수량": "40개",
        "소비자 상담 전화": "마마캣 고객센터 (1544-6141)",
        "제품 보관방법": "직사광선을 피해 건조하고 서늘한 곳에 보관"
    },
    {
        "id": 56,
        "name": "고스비 프레스코 주식캔 어덜트 (중성화) 닭고기&토끼고기 70g",
        "image": "https://mamacat.co.kr/web/product/big/20200612/1b44305f4ef645fa77f03fbe980a2d81.png",
        "가격정책": "마마캣 회원등급 할인 상품",
        "유통기한": "2022.12.",
        "정상 소비자가": "2,500원",
        "마마캣 판매가": "2,260원",
        "가장 높은 회원등급 할인 적용시 구매가": "2,150원 (최대 110원 할인)",
        "원산지": "스페인",
        "제조자 | 수입자": "Gosbi Petfood, S.A. | 주식회사 지앤원",
        "사용 연령": "성묘용/중성화 (12개월 이상)",
        "100g 가격": "3,228원",
        "포장단위별 용량, 수량": "70g",
        "법에 의한 인증 및 허가": "사료관리법에 따른 수입신고를 필함",
        "원료구성": "자체육수, 닭고기, 토끼고기, 해초류",
        "성분구성": "조단백질 8.5%이상, 조지방 4%이하, 조섬유 1%이하, 조회분 2.5%이하, 수분 85%이하",
        "현재 재고 수량": "4개",
        "소비자 상담 전화": "마마캣 고객센터 (1544-6141)",
        "기타 정보": "중성화 수술한 고양이용",
        "제품 보관방법": "직사광선을 피해 건조하고 서늘한 곳에 보관"
    },
    {
        "id": 57,
        "name": "고스비 프레스코 주식캔 어덜트 참치, 연어&파파야 70g × 32개",
        "image": "https://mamacat.co.kr/web/product/big/202010/45f59205333bba7eadfa401eafd99246.png",
        "가격정책": "마마캣 회원등급 할인 상품",
        "유통기한": "2022.12.",
        "정상 소비자가": "80,000원",
        "마마캣 판매가": "62,400원",
        "가장 높은 회원등급 할인 적용시 구매가": "59,280원 (최대 3,120원 할인)",
        "원산지": "스페인",
        "제조자 | 수입자": "Gosbi Petfood, S.A. | 주식회사 지앤원",
        "사용 연령": "성묘용 (12개월 이상)",
        "100g 가격": "2,785원",
        "포장단위별 용량, 수량": "70g × 32개",
        "법에 의한 인증 및 허가": "사료관리법에 따른 수입신고를 필함",
        "원료구성": "참치, 육수, 연어, 파파야, 쌀, 해초류",
        "성분구성": "조단백질 11%이상, 조지방 2%이하, 조섬유 1%이하, 조회분 2%이하, 수분 85%이하",
        "현재 재고 수량": "8개",
        "소비자 상담 전화": "마마캣 고객센터 (1544-6141)",
        "제품 보관방법": "직사광선을 피해 건조하고 서늘한 곳에 보관"
    },
    {
        "id": 58,
        "name": "고스비 프레스코 주식캔 어덜트 참치, 연어&파파야 70g",
        "image": "https://mamacat.co.kr/web/product/big/20200612/a2d38109ca29b172fe047a297256067d.png",
        "가격정책": "마마캣 회원등급 할인 상품",
        "유통기한": "2022.12.",
        "정상 소비자가": "2,500원",
        "마마캣 판매가": "2,260원",
        "가장 높은 회원등급 할인 적용시 구매가": "2,150원 (최대 110원 할인)",
        "원산지": "스페인",
        "제조자 | 수입자": "Gosbi Petfood, S.A. | 주식회사 지앤원",
        "사용 연령": "성묘용 (12개월 이상)",
        "100g 가격": "3,228원",
        "포장단위별 용량, 수량": "70g",
        "법에 의한 인증 및 허가": "사료관리법에 따른 수입신고를 필함",
        "원료구성": "참치, 육수, 연어, 파파야, 쌀, 해초류",
        "성분구성": "조단백질 11%이상, 조지방 2%이하, 조섬유 1%이하, 조회분 2%이하, 수분 85%이하",
        "현재 재고 수량": "42개",
        "소비자 상담 전화": "마마캣 고객센터 (1544-6141)",
        "제품 보관방법": "직사광선을 피해 건조하고 서늘한 곳에 보관"
    },
    {
        "id": 59,
        "name": "고스비 프레스코 주식캔 어덜트 참치&연어 70g × 32개",
        "image": "https://mamacat.co.kr/web/product/big/202010/7e23ad2e4ff3cac88dfeb98276512c0a.png",
        "가격정책": "마마캣 회원등급 할인 상품",
        "유통기한": "2022.12.",
        "정상 소비자가": "80,000원",
        "마마캣 판매가": "62,400원",
        "가장 높은 회원등급 할인 적용시 구매가": "59,280원 (최대 3,120원 할인)",
        "원산지": "스페인",
        "제조자 | 수입자": "Gosbi Petfood, S.A. | 주식회사 지앤원",
        "사용 연령": "성묘용 (12개월 이상)",
        "100g 가격": "2,785원",
        "포장단위별 용량, 수량": "70g × 32개",
        "법에 의한 인증 및 허가": "사료관리법에 따른 수입신고를 필함",
        "원료구성": "육수, 참치로인 (tuna loin), 연어, 해초류",
        "성분구성": "조단백질 11%이상, 조지방 2%이하, 조섬유 1%이하, 조회분 2%이하, 수분 85%이하",
        "현재 재고 수량": "4개",
        "소비자 상담 전화": "마마캣 고객센터 (1544-6141)",
        "제품 보관방법": "직사광선을 피해 건조하고 서늘한 곳에 보관"
    },
    {
        "id": 60,
        "name": "고스비 프레스코 주식캔 어덜트 참치&연어 70g",
        "image": "https://mamacat.co.kr/web/product/big/20200612/4d2411364a62c672be482afff9604695.png",
        "가격정책": "마마캣 회원등급 할인 상품",
        "유통기한": "2022.12.",
        "정상 소비자가": "2,500원",
        "마마캣 판매가": "2,260원",
        "가장 높은 회원등급 할인 적용시 구매가": "2,150원 (최대 110원 할인)",
        "원산지": "스페인",
        "제조자 | 수입자": "Gosbi Petfood, S.A. | 주식회사 지앤원",
        "사용 연령": "성묘용 (12개월 이상)",
        "100g 가격": "3,228원",
        "포장단위별 용량, 수량": "70g",
        "법에 의한 인증 및 허가": "사료관리법에 따른 수입신고를 필함",
        "원료구성": "육수, 참치로인 (tuna loin), 연어, 해초류",
        "성분구성": "조단백질 11%이상, 조지방 2%이하, 조섬유 1%이하, 조회분 2%이하, 수분 85%이하",
        "현재 재고 수량": "34개",
        "소비자 상담 전화": "마마캣 고객센터 (1544-6141)",
        "제품 보관방법": "직사광선을 피해 건조하고 서늘한 곳에 보관"
    },
    {
        "id": 61,
        "name": "그랜마메이스 캣 그레인프리 연어 2.72kg",
        "image": "https://mamacat.co.kr/web/product/big/20191118/0bef501c4aaf69dc0d356230cc3cd888.jpg",
        "상품 간략설명": "전연령 | 홀리스틱 (1,095원/100g당)",
        "가격정책": "최저마진",
        "유통기한": "2022.05.02.",
        "박집사 한마디": "네, 이건 살 찌우기 위해 먹이는 사료입니다. 기호성이 이쯤 되면 체중조절 기능성 사료로 분류해야 할까 봐요.",
        "사료등급": "홀리스틱",
        "정상 소비자가": "32,800원",
        "마마캣 판매가": "29,500원",
        "원산지": "미국",
        "제조자 | 수입자": "Grandma Mea's, LLC | 가치앤가치",
        "사용 연령": "전연령 (3개월 이상)",
        "100g 가격": "1,095원",
        "포장단위별 용량, 수량": "2.72kg",
        "법에 의한 인증 및 허가": "사료관리법에 따른 수입신고를 필함",
        "원료구성": "연어, 완두콩, 가금지방, 병아리콩, 청어, 타피오카, 계란, 렌틸콩, 아마씨, 크랜베리 등",
        "성분구성": "조단백 33.0%이상, 조지방 20.0%이상, 조섬유 2.5%이하, 조회분 7.0%이하, 칼슘 1.2%이상, 인 0.9%이상, / 칼로리(ME기준) = 382kcal/100g",
        "현재 재고 수량": "6개",
        "소비자 상담 전화": "마마캣 고객센터 (1544-6141)",
        "제품 포장 유형": "통포장 (지퍼팩 있음)"
    },
    {
        "id": 62,
        "name": "그랜마메이스 캣 그레인프리 연어 5.44kg",
        "image": "https://mamacat.co.kr/web/product/big/20191118/622d9118f367ac3c4abb994bf58c1b1f.jpg",
        "상품 간략설명": "전연령 | 홀리스틱 (965원/100g당)",
        "가격정책": "최저마진",
        "유통기한": "2022.05.20.",
        "박집사 한마디": "네, 이건 살 찌우기 위해 먹이는 사료입니다. 기호성이 이쯤 되면 체중조절 기능성 사료로 분류해야 할까 봐요.",
        "사료등급": "홀리스틱",
        "정상 소비자가": "55,600원",
        "마마캣 판매가": "52,500원",
        "원산지": "미국",
        "제조자 | 수입자": "Grandma Mea's, LLC | 가치앤가치",
        "사용 연령": "전연령 (3개월 이상)",
        "100g 가격": "965원",
        "포장단위별 용량, 수량": "5.44kg",
        "법에 의한 인증 및 허가": "사료관리법에 따른 수입신고를 필함",
        "원료구성": "연어, 완두콩, 가금지방, 병아리콩, 청어, 타피오카, 계란, 렌틸콩, 아마씨, 크랜베리 등",
        "성분구성": "조단백 33.0%이상, 조지방 20.0%이상, 조섬유 2.5%이하, 조회분 7.0%이하, 칼슘 1.2%이상, 인 0.9%이상, / 칼로리(ME기준) = 382kcal/100g",
        "현재 재고 수량": "7개",
        "소비자 상담 전화": "마마캣 고객센터 (1544-6141)",
        "제품 포장 유형": "통포장 (지퍼 없음)"
    },
    {
        "id": 63,
        "name": "그랜마메이스 캣 그레인프리 인도어 웨이트 컨트롤 / 헤어볼 1.8kg",
        "image": "https://mamacat.co.kr/web/product/big/20200514/a88b4c2095d14a8441e77f46dc5c00d6.png",
        "상품 간략설명": "전연령 | 홀리스틱 (1212원/100g당)",
        "가격정책": "최저마진",
        "유통기한": "2022.02.25.",
        "사료등급": "홀리스틱",
        "정상 소비자가": "25,000원",
        "마마캣 판매가": "21,820원",
        "원산지": "미국",
        "제조자 | 수입자": "Grandma Mea's, LLC | 가치앤가치",
        "사용 연령": "전연령 (3개월 이상)",
        "100g 가격": "1,212원",
        "포장단위별 용량, 수량": "1.8kg",
        "법에 의한 인증 및 허가": "등록번호 : GGHA90137",
        "원료구성": "닭고기분말, 건계란, 송어분말, 천연닭간향, 닭지방, 렌틸콩, 완두분말, 타피오카, 맥아효모, 노란완두콩, 고구마, 완두단백, 건조토마토, 포마스, 유카시디게라추출물, 셀룰로즈파우더, 레시틴, DL-메티오닌, 탄산칼슘, L-라이신, 소금, 타우린, 비타민 E보충제 등",
        "성분구성": "조단백질 30%이상, 조지방 8%이상, 조섬유 7%이하, 조회분 7%이하, 인 0.9%이하, 칼슘 1.2%이상, 수분 10%이하",
        "현재 재고 수량": "6개",
        "소비자 상담 전화": "마마캣 고객센터 (1544-6141)",
        "제품 포장 유형": "통포장 (지퍼팩 있음)"
    },
    {
        "id": 64,
        "name": "그랜마메이스 캣 그레인프리 치킨 2.72kg",
        "image": "https://mamacat.co.kr/web/product/big/20191118/3a952b9289743921c25f65864a9d041d.jpg",
        "상품 간략설명": "전연령 | 홀리스틱 (1085원/100g당)",
        "가격정책": "최저마진",
        "유통기한": "2022.07.21.",
        "박집사 한마디": "네, 이건 살 찌우기 위해 먹이는 사료입니다. 기호성이 이쯤 되면 체중조절 기능성 사료로 분류해야 할까 봐요.",
        "사료등급": "홀리스틱",
        "정상 소비자가": "35,000원",
        "마마캣 판매가": "29,500원",
        "원산지": "미국",
        "제조자 | 수입자": "Grandma Mea's, LLC | 가치앤가치",
        "사용 연령": "전연령 (3개월 이상)",
        "100g 가격": "1085원",
        "포장단위별 용량, 수량": "2.72kg",
        "법에 의한 인증 및 허가": "사료관리법에 따른 수입신고를 필함",
        "원료구성": "닭고기, 완두콩, 렌틸콩, 병아리콩, 가금지방, 청어, 계란, 생선오일, 엘라이신, 타우린 등",
        "성분구성": "조단백 35.0%이상, 조지방 17.0%이상, 조섬유 3.5%이하, 조회분 7.0%이하, 칼슘 1%이상, 인 0.78%이상, 수분 10.0%이하 / 칼로리(ME기준) = 370kcal/100g",
        "현재 재고 수량": "15개",
        "소비자 상담 전화": "마마캣 고객센터 (1544-6141)",
        "제품 포장 유형": "통포장 (지퍼팩 있음)"
    },
    {
        "id": 65,
        "name": "그랜마메이스 캣 그레인프리 치킨 5.44kg",
        "image": "https://mamacat.co.kr/web/product/big/20191118/4a0bf512e1ec9b7eb250750bbe1991b9.jpg",
        "상품 간략설명": "전연령 | 홀리스틱 (872원/100g당)",
        "가격정책": "최저마진",
        "유통기한": "2022.06.18.",
        "박집사 한마디": "네, 이건 살 찌우기 위해 먹이는 사료입니다. 기호성이 이쯤 되면 체중조절 기능성 사료로 분류해야 할까 봐요.",
        "사료등급": "홀리스틱",
        "정상 소비자가": "60,000원",
        "마마캣 판매가": "47,480원",
        "원산지": "미국",
        "제조자 | 수입자": "Grandma Mea's, LLC | 가치앤가치",
        "사용 연령": "전연령 (3개월 이상)",
        "100g 가격": "872원",
        "포장단위별 용량, 수량": "5.44kg",
        "법에 의한 인증 및 허가": "사료관리법에 따른 수입신고를 필함",
        "원료구성": "닭고기, 완두콩, 렌틸콩, 병아리콩, 가금지방, 청어, 계란, 생선오일, 엘라이신, 타우린 등",
        "성분구성": "조단백 35.0%이상, 조지방 17.0%이상, 조섬유 3.5%이하, 조회분 7.0%이하, 칼슘 1%이상, 인 0.78%이상, 수분 10.0%이하 / 칼로리(ME기준) = 370kcal/100g",
        "현재 재고 수량": "13개",
        "소비자 상담 전화": "마마캣 고객센터 (1544-6141)",
        "제품 포장 유형": "통포장 (지퍼 없음)"
    },
    {
        "id": 66,
        "name": "나우 (NOW) 캣 그레인프리 시니어 1.36kg",
        "image": "https://mamacat.co.kr/web/product/big/20191202/bd83ea4e4a877dff447d69daf925a272.jpg",
        "상품 간략설명": "노묘용 | 홀리스틱 (1,777원/100g당)",
        "가격정책": "마마캣 회원등급 할인 상품",
        "유통기한": "2022.04.16",
        "박집사 한마디": "1.8kg 에서 1.36kg로 중량 변경이 있습니다 : )",
        "사료등급": "홀리스틱",
        "정상 소비자가": "36,000원",
        "마마캣 판매가": "32,000원",
        "가장 높은 회원등급 할인 적용시 구매가": "30,400원 (최대 1,600원 할인)",
        "원산지": "캐나다",
        "제조자 | 수입자": "Petcurean",
        "사용 연령": "노묘용 (7세 이상)",
        "100g 가격": "1,777원",
        "포장단위별 용량, 수량": "1.8kg",
        "법에 의한 인증 및 허가": "사료관리법에 따른 수입신고를 필함",
        "원료구성": "뼈를 발라낸 칠면조, 감자, 완두콩, 완두콩식이섬유, 통건조란, 토마토, 카놀라유, 아마씨, 천연착향료, 코코넛오일, 뼈를 발라낸 연어, 뼈를 발라낸 오리, 사과, 당근, 호박, 바나나, 블루베리, 크랜베리, 블랙베리, 파파야 등",
        "성분구성": "조단백 30%이상, 조지방 14.0%이상, 칼슘 0.7%이상, 인 0.5%이하, 조섬유 5.0%이하, 조회분 7.5%이하, 수분 10%이하, 오메가6 2.8%이상, 오메가3 1.15%이상, 타우린 2.7%이상, 칼로리(ME)=335kcal/180g종이컵",
        "현재 재고 수량": "3개",
        "소비자 상담 전화": "마마캣 고객센터 (1544-6141)",
        "제품 포장 유형": "통포장 (지퍼팩 있음)"
    },
    {
        "id": 67,
        "name": "나우 (NOW) 캣 그레인프리 시니어 3.6kg",
        "image": "https://mamacat.co.kr/web/product/big/20191202/eee745f032718c57cffabcfdc6406e14.jpg",
        "상품 간략설명": "노묘용 | 홀리스틱 (1533원/100g당)",
        "가격정책": "마마캣 회원등급 할인 상품",
        "유통기한": "2022.04.21.",
        "사료등급": "홀리스틱",
        "정상 소비자가": "65,000원",
        "마마캣 판매가": "55,200원",
        "가장 높은 회원등급 할인 적용시 구매가": "52,440원 (최대 2,760원 할인)",
        "원산지": "캐나다",
        "제조자 | 수입자": "Petcurean",
        "사용 연령": "노묘용 (7세 이상)",
        "100g 가격": "1,533원",
        "포장단위별 용량, 수량": "3.6kg",
        "법에 의한 인증 및 허가": "사료관리법에 따른 수입신고를 필함",
        "원료구성": "뼈를 발라낸 칠면조, 감자, 완두콩, 완두콩식이섬유, 통건조란, 토마토, 카놀라유, 아마씨, 천연착향료, 코코넛오일, 뼈를 발라낸 연어, 뼈를 발라낸 오리, 사과, 당근, 호박, 바나나, 블루베리, 크랜베리, 블랙베리, 파파야 등",
        "성분구성": "조단백 30%이상, 조지방 14.0%이상, 칼슘 0.7%이상, 인 0.5%이하, 조섬유 5.0%이하, 조회분 7.5%이하, 수분 10%이하, 오메가6 2.8%이상, 오메가3 1.15%이상, 타우린 2.7%이상, 칼로리(ME)=335kcal/180g종이컵",
        "현재 재고 수량": "6개",
        "소비자 상담 전화": "마마캣 고객센터 (1544-6141)",
        "제품 포장 유형": "통포장 (지퍼팩 있음)"
    },
    {
        "id": 68,
        "name": "나우 (NOW) 캣 그레인프리 시니어 7.2kg",
        "image": "https://mamacat.co.kr/web/product/big/20191202/9b69cba4784071f9ad9db814fd8e6dc7.jpg",
        "상품 간략설명": "노묘용 | 홀리스틱 (1250원/100g당)",
        "가격정책": "마마캣 회원등급 할인 상품",
        "유통기한": "2022.04.16.",
        "사료등급": "홀리스틱",
        "정상 소비자가": "100,000원",
        "마마캣 판매가": "90,000원",
        "가장 높은 회원등급 할인 적용시 구매가": "85,500원 (최대 4,500원 할인)",
        "원산지": "캐나다",
        "제조자 | 수입자": "Petcurean",
        "사용 연령": "노묘용 (7세 이상)",
        "100g 가격": "1,250원",
        "포장단위별 용량, 수량": "7.2kg",
        "법에 의한 인증 및 허가": "사료관리법에 따른 수입신고를 필함",
        "원료구성": "뼈를 발라낸 칠면조, 감자, 완두콩, 완두콩식이섬유, 통건조란, 토마토, 카놀라유, 아마씨, 천연착향료, 코코넛오일, 뼈를 발라낸 연어, 뼈를 발라낸 오리, 사과, 당근, 호박, 바나나, 블루베리, 크랜베리, 블랙베리, 파파야 등",
        "성분구성": "조단백 30%이상, 조지방 14.0%이상, 칼슘 0.7%이상, 인 0.5%이하, 조섬유 5.0%이하, 조회분 7.5%이하, 수분 10%이하, 오메가6 2.8%이상, 오메가3 1.15%이상, 타우린 2.7%이상, 칼로리(ME)=335kcal/180g종이컵",
        "현재 재고 수량": "1개",
        "소비자 상담 전화": "마마캣 고객센터 (1544-6141)",
        "제품 포장 유형": "통포장 (지퍼팩 있음)"
    },
    {
        "id": 69,
        "name": "나우 (NOW) 캣 그레인프리 어덜트 1.36kg",
        "image": "https://mamacat.co.kr/web/product/big/20191202/341b7f81bbba292e6d8b2ab6b0811013.jpg",
        "상품 간략설명": "성묘용 | 홀리스틱 (1,983원/100g당)",
        "가격정책": "마마캣 회원등급 할인 상품",
        "유통기한": "2022.03.11.",
        "사료등급": "홀리스틱",
        "정상 소비자가": "36,000원",
        "마마캣 판매가": "32,000원",
        "가장 높은 회원등급 할인 적용시 구매가": "30,400원 (최대 1,600원 할인)",
        "원산지": "캐나다",
        "제조자 | 수입자": "Petcurean",
        "사용 연령": "성묘용 (12개월 이상)",
        "100g 가격": "1,983원",
        "포장단위별 용량, 수량": "1.8kg",
        "법에 의한 인증 및 허가": "사료관리법에 따른 수입신고를 필함",
        "원료구성": "뼈를 발라낸 칠면조, 감자, 완두콩, 완두콩식이섬유, 통건조란, 토마토, 카놀라유, 아마씨, 천연착향료, 코코넛오일, 뼈를 발라낸 연어, 뼈를 발라낸 오리, 사과, 당근, 호박, 바나나, 블루베리, 크랜베리, 라즈베리 등",
        "성분구성": "조단백 31%이상, 조지방 18%이상, 칼슘 0.8%이상, 인 0.6%이하, 조섬유 4.0%이하, 조회분 6.5%이하, 수분 10%이하, 오메가3 1.51%이상, 오메가6 3.57%이상, 타우린 0.25%이상, 335kcal/180g종이컵",
        "현재 재고 수량": "4개",
        "소비자 상담 전화": "마마캣 고객센터 (1544-6141)",
        "제품 포장 유형": "통포장 (지퍼팩 있음)"
    },
    {
        "id": 70,
        "name": "나우 (NOW) 캣 그레인프리 어덜트 3.6kg",
        "image": "https://mamacat.co.kr/web/product/big/20191202/67e64030694b8aa7e1cd8416a10cca4c.jpg",
        "상품 간략설명": "성묘용 | 홀리스틱 (1533원/100g당)",
        "가격정책": "마마캣 회원등급 할인 상품",
        "유통기한": "2022.04.17.",
        "사료등급": "홀리스틱",
        "정상 소비자가": "65,000원",
        "마마캣 판매가": "55,200원",
        "가장 높은 회원등급 할인 적용시 구매가": "52,440원 (최대 2,760원 할인)",
        "원산지": "캐나다",
        "제조자 | 수입자": "Petcurean",
        "사용 연령": "성묘용 (12개월 이상)",
        "100g 가격": "1,533원",
        "포장단위별 용량, 수량": "3.6kg",
        "법에 의한 인증 및 허가": "사료관리법에 따른 수입신고를 필함",
        "원료구성": "뼈를 발라낸 칠면조, 감자, 완두콩, 완두콩식이섬유, 통건조란, 토마토, 카놀라유, 아마씨, 천연착향료, 코코넛오일, 뼈를 발라낸 연어, 뼈를 발라낸 오리, 사과, 당근, 호박, 바나나, 블루베리, 크랜베리, 라즈베리 등",
        "성분구성": "조단백 31%이상, 조지방 18%이상, 칼슘 0.8%이상, 인 0.6%이하, 조섬유 4.0%이하, 조회분 6.5%이하, 수분 10%이하, 오메가3 1.51%이상, 오메가6 3.57%이상, 타우린 0.25%이상, 335kcal/180g종이컵",
        "현재 재고 수량": "8개",
        "소비자 상담 전화": "마마캣 고객센터 (1544-6141)",
        "제품 포장 유형": "통포장 (지퍼팩 있음)"
    },
    {
        "id": 71,
        "name": "나우 (NOW) 캣 그레인프리 어덜트 7.2kg",
        "image": "https://mamacat.co.kr/web/product/big/20191202/4b0cc1979904a33fba5f0fc607372dd4.jpg",
        "상품 간략설명": "성묘용 | 홀리스틱 (1250원/100g당)",
        "가격정책": "마마캣 회원등급 할인 상품",
        "유통기한": "2022.02.25.",
        "사료등급": "홀리스틱",
        "정상 소비자가": "100,000원",
        "마마캣 판매가": "90,000원",
        "가장 높은 회원등급 할인 적용시 구매가": "85,500원 (최대 4,500원 할인)",
        "원산지": "캐나다",
        "제조자 | 수입자": "Petcurean",
        "사용 연령": "성묘용 (12개월 이상)",
        "100g 가격": "1,250원",
        "포장단위별 용량, 수량": "7.2kg",
        "법에 의한 인증 및 허가": "사료관리법에 따른 수입신고를 필함",
        "원료구성": "뼈를 발라낸 칠면조, 감자, 완두콩, 완두콩식이섬유, 통건조란, 토마토, 카놀라유, 아마씨, 천연착향료, 코코넛오일, 뼈를 발라낸 연어, 뼈를 발라낸 오리, 사과, 당근, 호박, 바나나, 블루베리, 크랜베리, 라즈베리 등",
        "성분구성": "조단백 31%이상, 조지방 18%이상, 칼슘 0.8%이상, 인 0.6%이하, 조섬유 4.0%이하, 조회분 6.5%이하, 수분 10%이하, 오메가3 1.51%이상, 오메가6 3.57%이상, 타우린 0.25%이상, 335kcal/180g종이컵",
        "현재 재고 수량": "4개",
        "소비자 상담 전화": "마마캣 고객센터 (1544-6141)",
        "제품 포장 유형": "통포장 (지퍼팩 있음)"
    },
    {
        "id": 72,
        "name": "나우 (NOW) 캣 그레인프리 어덜트 피쉬레시피 1.8kg",
        "image": "https://mamacat.co.kr/web/product/big/202007/bc275963b538dc2b5e8e174cfa723fcf.png",
        "상품 간략설명": "성묘용 | 홀리스틱 (1983원/100g당)",
        "가격정책": "마마캣 회원등급 할인 상품",
        "유통기한": "2022.03.14.",
        "사료등급": "홀리스틱",
        "정상 소비자가": "42,000원",
        "마마캣 판매가": "35,700원",
        "가장 높은 회원등급 할인 적용시 구매가": "33,920원 (최대 1,780원 할인)",
        "원산지": "캐나다",
        "제조자 | 수입자": "Petcurean",
        "사용 연령": "성묘용 (12개월 이상)",
        "100g 가격": "1,983원",
        "포장단위별 용량, 수량": "1.8kg",
        "법에 의한 인증 및 허가": "사료관리법에 따른 수입신고를 필함",
        "원료구성": "뼈를 발라낸 송어, 건조계란, 감자, 감자분말, 완두콩, 완두분말, 천연향, 카놀라오일, 아마씨, 코코넛오일, 뼈를 발라낸 연어, 뼈를 발라낸 청어, 탄산칼슘, 토마토, 알팔파, 사과, 당근, 고구마, 스쿼시, 호박, 바나나, 블루베리, 크랜베리, 블랙베리, 석류 등",
        "성분구성": "조단백 30%이상, 조지방 19%이상, 칼슘 0.9%이상, 인 0.5%이상, 조섬유 2.5%이하, 조회분 6%이하, 수분 10%이하",
        "현재 재고 수량": "11개",
        "소비자 상담 전화": "마마캣 고객센터 (1544-6141)",
        "제품 포장 유형": "통포장 (지퍼팩 있음)"
    },
    {
        "id": 73,
        "name": "나우 (NOW) 캣 그레인프리 어덜트 피쉬레시피 3.6kg",
        "image": "https://mamacat.co.kr/web/product/big/202007/63b1bf7c93f8cb9f6ca816aea1551179.png",
        "상품 간략설명": "성묘용 | 홀리스틱 (1533원/100g당)",
        "가격정책": "마마캣 회원등급 할인 상품",
        "유통기한": "2022.05.29.",
        "사료등급": "홀리스틱",
        "정상 소비자가": "65,000원",
        "마마캣 판매가": "55,200원",
        "가장 높은 회원등급 할인 적용시 구매가": "52,440원 (최대 2,760원 할인)",
        "원산지": "캐나다",
        "제조자 | 수입자": "Petcurean",
        "사용 연령": "성묘용 (12개월 이상)",
        "100g 가격": "1,533원",
        "포장단위별 용량, 수량": "3.6kg",
        "법에 의한 인증 및 허가": "사료관리법에 따른 수입신고를 필함",
        "원료구성": "뼈를 발라낸 송어, 건조계란, 감자, 감자분말, 완두콩, 완두분말, 천연향, 카놀라오일, 아마씨, 코코넛오일, 뼈를 발라낸 연어, 뼈를 발라낸 청어, 탄산칼슘, 토마토, 알팔파, 사과, 당근, 고구마, 스쿼시, 호박, 바나나, 블루베리, 크랜베리, 블랙베리, 석류 등",
        "성분구성": "조단백 30%이상, 조지방 19%이상, 칼슘 0.9%이상, 인 0.5%이상, 조섬유 2.5%이하, 조회분 6%이하, 수분 10%이하",
        "현재 재고 수량": "5개",
        "소비자 상담 전화": "마마캣 고객센터 (1544-6141)",
        "제품 포장 유형": "통포장 (지퍼팩 있음)"
    },
    {
        "id": 74,
        "name": "나우 (NOW) 캣 그레인프리 어덜트 피쉬레시피 7.2kg",
        "image": "https://mamacat.co.kr/web/product/big/202007/77f4e03e273ec8be3ca44a1a61b476cc.png",
        "상품 간략설명": "성묘용 | 홀리스틱 (1250원/100g당)",
        "가격정책": "마마캣 회원등급 할인 상품",
        "유통기한": "2022.05.29.",
        "사료등급": "홀리스틱",
        "정상 소비자가": "100,000원",
        "마마캣 판매가": "90,000원",
        "가장 높은 회원등급 할인 적용시 구매가": "85,500원 (최대 4,500원 할인)",
        "원산지": "캐나다",
        "제조자 | 수입자": "Petcurean",
        "사용 연령": "성묘용 (12개월 이상)",
        "100g 가격": "1,250원",
        "포장단위별 용량, 수량": "7.2kg",
        "법에 의한 인증 및 허가": "사료관리법에 따른 수입신고를 필함",
        "원료구성": "뼈를 발라낸 송어, 건조계란, 감자, 감자분말, 완두콩, 완두분말, 천연향, 카놀라오일, 아마씨, 코코넛오일, 뼈를 발라낸 연어, 뼈를 발라낸 청어, 탄산칼슘, 토마토, 알팔파, 사과, 당근, 고구마, 스쿼시, 호박, 바나나, 블루베리, 크랜베리, 블랙베리, 석류 등",
        "성분구성": "조단백 30%이상, 조지방 19%이상, 칼슘 0.9%이상, 인 0.5%이상, 조섬유 2.5%이하, 조회분 6%이하, 수분 10%이하",
        "현재 재고 수량": "2개",
        "소비자 상담 전화": "마마캣 고객센터 (1544-6141)",
        "제품 포장 유형": "통포장 (지퍼팩 있음)"
    },
    {
        "id": 75,
        "name": "나우 (NOW) 캣 그레인프리 키튼 1.8kg",
        "image": "https://mamacat.co.kr/web/product/big/20191202/76f8fa1b02cc6ed05ccaacc2ce4ff914.jpg",
        "상품 간략설명": "자묘용 | 홀리스틱 (1983원/100g당)",
        "가격정책": "마마캣 회원등급 할인 상품",
        "유통기한": "2022.02.26.",
        "사료등급": "홀리스틱",
        "정상 소비자가": "42,000원",
        "마마캣 판매가": "35,700원",
        "가장 높은 회원등급 할인 적용시 구매가": "33,920원 (최대 1,780원 할인)",
        "원산지": "캐나다",
        "제조자 | 수입자": "Petcurean",
        "사용 연령": "자묘용 (12개월 이하)",
        "100g 가격": "1,983원",
        "포장단위별 용량, 수량": "1.8kg",
        "법에 의한 인증 및 허가": "사료관리법에 따른 수입신고를 필함",
        "원료구성": "뼈를 발라낸 칠면조, 감자, 완두콩, 통건조란, 카놀라유, 완두콩 식이섬유, 토마토, 천연착향료, 아마씨, 코코넛오일, 뼈를 발라낸 연어, 뼈를 발라낸 오리, 당근, 호박, 사과, 바나나, 블루베리, 크랜베리 등",
        "성분구성": "조단백 33%이상, 조지방 20%이상, 칼슘 0.8%이상, 인 0.6%이하, 조섬유 4.0%이하, 조회분 7.0%이하, 수분 10%이하, 오메가3 1.13%이상, 오메가6 3.5%이상, 타우린 0.27%이상, 335kcal/180g종이컵",
        "현재 재고 수량": "15개",
        "소비자 상담 전화": "마마캣 고객센터 (1544-6141)",
        "제품 포장 유형": "통포장 (지퍼팩 있음)"
    },
    {
        "id": 76,
        "name": "나우 (NOW) 캣 그레인프리 키튼 3.6kg",
        "image": "https://mamacat.co.kr/web/product/big/20191202/ab50e03751b1002cfba929f16f5eb41c.jpg",
        "상품 간략설명": "자묘용 | 홀리스틱 (1533원/100g당)",
        "가격정책": "마마캣 회원등급 할인 상품",
        "유통기한": "2022.03.13.",
        "사료등급": "홀리스틱",
        "정상 소비자가": "65,000원",
        "마마캣 판매가": "55,200원",
        "가장 높은 회원등급 할인 적용시 구매가": "52,440원 (최대 2,760원 할인)",
        "원산지": "캐나다",
        "제조자 | 수입자": "Petcurean",
        "사용 연령": "자묘용 (12개월 이하)",
        "100g 가격": "1,533원",
        "포장단위별 용량, 수량": "3.6kg",
        "법에 의한 인증 및 허가": "사료관리법에 따른 수입신고를 필함",
        "원료구성": "뼈를 발라낸 칠면조, 감자, 완두콩, 통건조란, 카놀라유, 완두콩 식이섬유, 토마토, 천연착향료, 아마씨, 코코넛오일, 뼈를 발라낸 연어, 뼈를 발라낸 오리, 당근, 호박, 사과, 바나나, 블루베리, 크랜베리 등",
        "성분구성": "조단백 33%이상, 조지방 20%이상, 칼슘 0.8%이상, 인 0.6%이하, 조섬유 4.0%이하, 조회분 7.0%이하, 수분 10%이하, 오메가3 1.13%이상, 오메가6 3.5%이상, 타우린 0.27%이상, 335kcal/180g종이컵",
        "현재 재고 수량": "6개",
        "소비자 상담 전화": "마마캣 고객센터 (1544-6141)",
        "제품 포장 유형": "통포장 (지퍼팩 있음)"
    },
    {
        "id": 77,
        "name": "나우 (NOW) 캣 습식사료 프레쉬 테트라 대구 파테 182g",
        "image": "https://mamacat.co.kr/web/product/big/202007/0abb4e004c59dd2a2f9b342977a41f2d.jpg",
        "가격정책": "마마캣 회원등급 할인 상품",
        "유통기한": "2022.04.01.",
        "정상 소비자가": "6,000원",
        "마마캣 판매가": "6,000원",
        "가장 높은 회원등급 할인 적용시 구매가": "5,700원 (최대 300원 할인)",
        "원산지": "미국",
        "제조자 | 수입자": "Petcurean Pet Nutrition | (주)이글벳",
        "사용 연령": "전연령 (3개월 이상)",
        "포장단위별 용량, 수량": "182g",
        "법에 의한 인증 및 허가": "사료관리법에 따른 수입신고를 필함",
        "원료구성": "대구, 닭뼈육수, 닭고기, 닭간, 타피오카, 크랜베리, 카시아검, 아마씨, 구아검, 코코넛오일, 삼인산나트륨, 소금, 타우린, 염화콜린, 비타민합제, 미량광물질류합제",
        "성분구성": "조단백 9%이상, 조지방 4%이상, 칼슘 0.2%이상, 인 0.2%이상, 조섬유 1%이하, 조회분 1.9%이하, 수분 78%이하",
        "현재 재고 수량": "53개",
        "소비자 상담 전화": "마마캣 고객센터 (1544-6141)",
        "제품 포장 유형": "팩포장",
        "제품 보관방법": "직사광선이 없는 곳에 실온보관"
    },
    {
        "id": 78,
        "name": "나우 (NOW) 캣 습식사료 프레쉬 테트라 와일드살몬 파테 182g",
        "image": "https://mamacat.co.kr/web/product/big/202007/38006a2527a2241b9a5899c94a5c9777.jpg",
        "가격정책": "마마캣 회원등급 할인 상품",
        "유통기한": "2022.04.01.",
        "정상 소비자가": "6,000원",
        "마마캣 판매가": "6,000원",
        "가장 높은 회원등급 할인 적용시 구매가": "5,700원 (최대 300원 할인)",
        "원산지": "미국",
        "제조자 | 수입자": "Petcurean Pet Nutrition | (주)이글벳",
        "사용 연령": "전연령 (3개월 이상)",
        "포장단위별 용량, 수량": "182g",
        "법에 의한 인증 및 허가": "사료관리법에 따른 수입신고를 필함",
        "원료구성": "뼈를 발라낸 연어, 칠면조 뼈 육수, 감자, 당근, 완두콩, 타피오카, 크랜베리, 고구마, 사과, 카놀라오일, 삼인산칼슘, 코코넛오일, 아마씨, 잔탄검, 염화칼륨, 인산나트륨, 염화콜린, 소금, 타우린, 건조켈프, 비타민합제, 미량광물질류합제",
        "성분구성": "조단백 8.0% 이상, 조지방 4.5% 이상, 조섬유 1.0% 이하, 조회분 1.3% 이하, 칼슘 0.2% 이상, 인 0.2% 이상, 수분 80% 이하",
        "현재 재고 수량": "64개",
        "소비자 상담 전화": "마마캣 고객센터 (1544-6141)",
        "제품 포장 유형": "팩포장",
        "제품 보관방법": "직사광선이 없는 곳에 실온보관"
    },
    {
        "id": 79,
        "name": "나인케어 캣 인도어 1.2kg",
        "image": "https://mamacat.co.kr/web/product/big/202010/d6b9dae1fc612c365e65999f277b670f.png",
        "상품 간략설명": "전연령 | 홀리스틱 (1125원/100g당)",
        "가격정책": "마마캣 회원등급 할인 상품",
        "유통기한": "2022.08.18.",
        "박집사 한마디": "나인케어는 태국 회사의 태국 공장에서 만들어진 태국 사료입니다. 일본과는 아무 상관없는 사료입니다. 구매에 참고해주세요! :)",
        "사료등급": "홀리스틱",
        "정상 소비자가": "15,000원",
        "마마캣 판매가": "13,500원",
        "가장 높은 회원등급 할인 적용시 구매가": "12,830원 (최대 670원 할인)",
        "원산지": "태국",
        "제조자 | 수입자": "PERPECT COMPANION GROUP CO.LTD | (주)마쯔리코리아",
        "사용 연령": "전연령 (3개월 이상)",
        "100g 가격": "1125원",
        "포장단위별 용량, 수량": "1.2kg",
        "법에 의한 인증 및 허가": "사료관리법에 따른 수입신고를 필함",
        "원료구성": "닭고기, 쌀, 닭고기 지방, 생선 오일, 아마씨, 셀룰로오스 성분, 자연닭고기맛, 어분, 프락토올리고당, 만난올리고당, 맥주효모, 레시틴, 헥사메타 인산나트륨, 생강가루, 녹차 추출물, 카모마일 추출물, 유카 추출물, 로즈마리 추출물, 미네랄, DL-메티오닌 등",
        "성분구성": "조단백 32%이상, 지방 15%이상, 섬유질 8%이하, 조회분 9%이하, 수분 10%이하, 칼슘 1.0%이상, 인 0.8%이상, 나트륨 0.2%이상 / 350kcal/100g",
        "현재 재고 수량": "2개",
        "소비자 상담 전화": "마마캣 고객센터 (1544-6141)",
        "제품 포장 유형": "통포장 (지퍼팩 있음)"
    },
    {
        "id": 80,
        "name": "나인케어 캣 인도어 6kg",
        "image": "https://mamacat.co.kr/web/product/big/202010/809c0d1c0db50fb2c6b1201b9f933d05.png",
        "상품 간략설명": "전연령 | 홀리스틱 (750원/100g당)",
        "가격정책": "마마캣 회원등급 할인 상품",
        "유통기한": "2022.08.18.",
        "박집사 한마디": "나인케어는 태국 회사의 태국 공장에서 만들어진 태국 사료입니다. 일본과는 아무 상관없는 사료입니다. 구매에 참고해주세요! :)",
        "사료등급": "홀리스틱",
        "정상 소비자가": "55,000원",
        "마마캣 판매가": "45,000원",
        "가장 높은 회원등급 할인 적용시 구매가": "42,750원 (최대 2,250원 할인)",
        "원산지": "태국",
        "제조자 | 수입자": "PERPECT COMPANION GROUP CO.LTD | (주)마쯔리코리아",
        "사용 연령": "전연령 (3개월 이상)",
        "100g 가격": "750원",
        "포장단위별 용량, 수량": "6kg",
        "법에 의한 인증 및 허가": "사료관리법에 따른 수입신고를 필함",
        "원료구성": "닭고기, 쌀, 닭고기 지방, 생선 오일, 아마씨, 셀룰로오스 성분, 자연닭고기맛, 어분, 프락토올리고당, 만난올리고당, 맥주효모, 레시틴, 헥사메타 인산나트륨, 생강가루, 녹차 추출물, 카모마일 추출물, 유카 추출물, 로즈마리 추출물, 미네랄, DL-메티오닌 등",
        "성분구성": "조단백 32%이상, 지방 15%이상, 섬유질 8%이하, 조회분 9%이하, 수분 10%이하, 칼슘 1.0%이상, 인 0.8%이상, 나트륨 0.2%이상 / 350kcal/100g",
        "현재 재고 수량": "7개",
        "소비자 상담 전화": "마마캣 고객센터 (1544-6141)",
        "제품 포장 유형": "소분포장"
    },
    {
        "id": 81,
        "name": "나인케어 캣 체형관리 1.2kg",
        "image": "https://mamacat.co.kr/web/product/big/202010/bb9e836b8d0cc21d5dd799366f3bbe2d.png",
        "상품 간략설명": "전연령 | 홀리스틱 (1125원/100g당)",
        "가격정책": "마마캣 회원등급 할인 상품",
        "유통기한": "2022.08.18.",
        "박집사 한마디": "나인케어는 태국 회사의 태국 공장에서 만들어진 태국 사료입니다. 일본과는 아무 상관없는 사료입니다. 구매에 참고해주세요! :)",
        "사료등급": "홀리스틱",
        "정상 소비자가": "15,000원",
        "마마캣 판매가": "13,500원",
        "가장 높은 회원등급 할인 적용시 구매가": "12,830원 (최대 670원 할인)",
        "원산지": "태국",
        "제조자 | 수입자": "PERPECT COMPANION GROUP CO.LTD | (주)마쯔리코리아",
        "사용 연령": "전연령 (3개월 이상)",
        "100g 가격": "1125원",
        "포장단위별 용량, 수량": "1.2kg",
        "법에 의한 인증 및 허가": "사료관리법에 따른 수입신고를 필함",
        "원료구성": "육류(닭고기, 닭고기분), 식물단백추출물(옥수수글루텐,감자유래단백,대두단백농축물), 쌀, 셀룰로오스분말, 유지류(닭고기,생선,식물성기름), 자연닭고기맛, 맥주효모, 레시틴, 당류(프락토올리고당), L-카르니틴, 녹차추출물 등",
        "성분구성": "조단백 38%이상, 지방 10%이상, 섬유질 8%이하, 조회분 9%이하, 수분 10%이하, 칼슘 1.0%이상, 인 0.8%이상, 나트륨 0.2%이상 / 350Kcal/100g",
        "현재 재고 수량": "29개",
        "소비자 상담 전화": "마마캣 고객센터 (1544-6141)",
        "제품 포장 유형": "통포장 (지퍼팩 있음)"
    },
    {
        "id": 82,
        "name": "나인케어 캣 체형관리 6kg",
        "image": "https://mamacat.co.kr/web/product/big/202010/dc1c7ce1d7556e1695304f6d358e85aa.png",
        "상품 간략설명": "전연령 | 홀리스틱 (750원/100g당)",
        "가격정책": "마마캣 회원등급 할인 상품",
        "유통기한": "2022.10.01.",
        "박집사 한마디": "나인케어는 태국 회사의 태국 공장에서 만들어진 태국 사료입니다. 일본과는 아무 상관없는 사료입니다. 구매에 참고해주세요! :)",
        "사료등급": "홀리스틱",
        "정상 소비자가": "55,000원",
        "마마캣 판매가": "45,000원",
        "가장 높은 회원등급 할인 적용시 구매가": "42,750원 (최대 2,250원 할인)",
        "원산지": "태국",
        "제조자 | 수입자": "PERPECT COMPANION GROUP CO.LTD | (주)마쯔리코리아",
        "사용 연령": "전연령 (3개월 이상)",
        "100g 가격": "750원",
        "포장단위별 용량, 수량": "6kg",
        "법에 의한 인증 및 허가": "사료관리법에 따른 수입신고를 필함",
        "원료구성": "육류(닭고기, 닭고기분), 식물단백추출물(옥수수글루텐,감자유래단백,대두단백농축물), 쌀, 셀룰로오스분말, 유지류(닭고기,생선,식물성기름), 자연닭고기맛, 맥주효모, 레시틴, 당류(프락토올리고당), L-카르니틴, 녹차추출물 등",
        "성분구성": "조단백 38%이상, 지방 10%이상, 섬유질 8%이하, 조회분 9%이하, 수분 10%이하, 칼슘 1.0%이상, 인 0.8%이상, 나트륨 0.2%이상 / 350Kcal/100g",
        "현재 재고 수량": "5개",
        "소비자 상담 전화": "마마캣 고객센터 (1544-6141)",
        "제품 포장 유형": "소분포장"
    },
    {
        "id": 83,
        "name": "나인케어 캣 키튼 1kg",
        "image": "https://mamacat.co.kr/web/product/big/202010/6605a9c6908d04a6f1db3a56c955967a.png",
        "상품 간략설명": "자묘용 | 홀리스틱 (1350원/100g당)",
        "가격정책": "마마캣 회원등급 할인 상품",
        "유통기한": "2022.04.28.",
        "박집사 한마디": "나인케어는 태국 회사의 태국 공장에서 만들어진 태국 사료입니다. 일본과는 아무 상관없는 사료입니다. 구매에 참고해주세요! :)",
        "사료등급": "홀리스틱",
        "정상 소비자가": "15,000원",
        "마마캣 판매가": "13,500원",
        "가장 높은 회원등급 할인 적용시 구매가": "12,830원 (최대 670원 할인)",
        "원산지": "태국",
        "제조자 | 수입자": "PERPECT COMPANION GROUP CO.LTD | (주)마쯔리코리아",
        "사용 연령": "자묘용 (12개월 이하)",
        "100g 가격": "1350원",
        "포장단위별 용량, 수량": "1kg",
        "법에 의한 인증 및 허가": "사료관리법에 따른 수입신고를 필함",
        "원료구성": "육류(닭고기,닭고기분), 식물단백추출물(옥수수글루텐), 곡물류(쌀), 유지류(닭고기오일,생선오일,식물성오일), 건조계란, 자연닭고기맛, 어분, 당류(프락토올리고당,만난올리고당,갈락토올리고당), 셀룰로오스, 맥주효모, 비트펄프 등",
        "성분구성": "조단백 36%이상, 조지방 16%이상, 조섬유 4%이하, 조회분 9%이하, 수분 10%이상, 칼슘 1.0%이상, 인 0.8%이상, 마그네슘 0.12%(평균), 나트륨 0.2%이상, 타우린 0.1%이상 / 390Kcal/100g",
        "현재 재고 수량": "10개",
        "소비자 상담 전화": "마마캣 고객센터 (1544-6141)",
        "제품 포장 유형": "통포장 (지퍼팩 있음)"
    },
    {
        "id": 84,
        "name": "나인케어 캣 피부와 피모 1.2kg",
        "image": "https://mamacat.co.kr/web/product/big/202010/fa462ea44abc7e0cf04a2a7b2087e0bb.png",
        "상품 간략설명": "전연령 | 홀리스틱 (1125원/100g당)",
        "가격정책": "마마캣 회원등급 할인 상품",
        "유통기한": "2022.07.20.",
        "박집사 한마디": "나인케어는 태국 회사의 태국 공장에서 만들어진 태국 사료입니다. 일본과는 아무 상관없는 사료입니다. 구매에 참고해주세요! :)",
        "사료등급": "홀리스틱",
        "정상 소비자가": "15,000원",
        "마마캣 판매가": "13,500원",
        "가장 높은 회원등급 할인 적용시 구매가": "12,830원 (최대 670원 할인)",
        "원산지": "태국",
        "제조자 | 수입자": "PERPECT COMPANION GROUP CO.LTD | (주)마쯔리코리아",
        "사용 연령": "전연령 (3개월 이상)",
        "100g 가격": "1125원",
        "포장단위별 용량, 수량": "1.2kg",
        "법에 의한 인증 및 허가": "사료관리법에 따른 수입신고를 필함",
        "원료구성": "육류(닭고기,닭고기분), 쌀, 식물단백추출물, 유지류(닭고기,생선,식물성기름), 연어분말, 셀룰로오스분말, 쌀가루, 자연닭고기맛, 건조다시마, 맥주효모, 레시틴, 당류(프락토올리고당), 녹차추출물, 마린피쉬콜라겐 등",
        "성분구성": "조단백 32% 이상, 조지방 15% 이상, 조섬유 8% 이하, 조회분 9% 이하, 수분 10% 이하, 칼슘 1.0% 이상, 인 0.8% 이상, 나트륨 0.2%이상, 마그네슘 0.12%(평균), 타우린 0.1%이상 / 350Kcal/100g",
        "현재 재고 수량": "7개",
        "소비자 상담 전화": "마마캣 고객센터 (1544-6141)",
        "제품 포장 유형": "통포장 (지퍼팩 있음)"
    },
    {
        "id": 85,
        "name": "나인케어 캣 피부와 피모 6kg",
        "image": "https://mamacat.co.kr/web/product/big/202010/6e48b7b1db5d9f8eea48689eb0aee3f5.png",
        "상품 간략설명": "전연령 | 홀리스틱 (750원/100g당)",
        "가격정책": "마마캣 회원등급 할인 상품",
        "유통기한": "2022.08.18.",
        "박집사 한마디": "나인케어는 태국 회사의 태국 공장에서 만들어진 태국 사료입니다. 일본과는 아무 상관없는 사료입니다. 구매에 참고해주세요! :)",
        "사료등급": "홀리스틱",
        "정상 소비자가": "55,000원",
        "마마캣 판매가": "45,000원",
        "가장 높은 회원등급 할인 적용시 구매가": "42,750원 (최대 2,250원 할인)",
        "원산지": "태국",
        "제조자 | 수입자": "PERPECT COMPANION GROUP CO.LTD | (주)마쯔리코리아",
        "사용 연령": "전연령 (3개월 이상)",
        "100g 가격": "750원",
        "포장단위별 용량, 수량": "6kg",
        "법에 의한 인증 및 허가": "사료관리법에 따른 수입신고를 필함",
        "원료구성": "육류(닭고기,닭고기분), 쌀, 식물단백추출물, 유지류(닭고기,생선,식물성기름), 연어분말, 셀룰로오스분말, 쌀가루, 자연닭고기맛, 건조다시마, 맥주효모, 레시틴, 당류(프락토올리고당), 녹차추출물, 마린피쉬콜라겐 등",
        "성분구성": "조단백 32% 이상, 조지방 15% 이상, 조섬유 8% 이하, 조회분 9% 이하, 수분 10% 이하, 칼슘 1.0% 이상, 인 0.8% 이상, 나트륨 0.2%이상, 마그네슘 0.12%(평균), 타우린 0.1%이상 / 350Kcal/100g",
        "현재 재고 수량": "5개",
        "소비자 상담 전화": "마마캣 고객센터 (1544-6141)",
        "제품 포장 유형": "소분포장"
    },
    {
        "id": 86,
        "name": "내추럴 그레이트니스 캣 센서티브 인도어 2kg",
        "image": "https://mamacat.co.kr/web/product/big/202010/49f6e4832a37b1bb6aa9d0c55198a834.png",
        "상품 간략설명": "성묘용 | 슈퍼프리미엄 (1215원/100g당)",
        "가격정책": "마마캣 회원등급 할인 상품",
        "유통기한": "2022.05.04.",
        "사료등급": "슈퍼프리미엄 (2등급)",
        "정상 소비자가": "27,000원",
        "마마캣 판매가": "24,300원",
        "가장 높은 회원등급 할인 적용시 구매가": "23,090원 (최대 1,210원 할인)",
        "원산지": "스페인",
        "제조자 | 수입자": "THE ANIMAL STORE FOOD & ACCESSORIES, S.L. | ㈜피앤비인터내셔널",
        "사용 연령": "성묘용 (12개월 이상)",
        "100g 가격": "1,215원",
        "포장단위별 용량, 수량": "2kg",
        "법에 의한 인증 및 허가": "등록번호 : GGHEE0006",
        "원료구성": "신선한 닭고기, 탈수건조된닭과칠면조고기, 쌀, 옥수수분, 가수분해닭간, 계유, 탈수건조연어, 효모, 야채섬유, 사탕무박, 감자단백, 연어유, 탈수건조통계란, 비타민 (A, D3, E, C), 타우린, L-카르니틴, DL-메티오닌, 황산제1철수화물, 요오드산칼륨 등",
        "성분구성": "조단백 37%이상, 조지방 13%이상, 조섬유 5%이하, 수분 12%이하, 조회분 7%이하, 칼슘 1.3%이상, 인 1.1%이상",
        "현재 재고 수량": "8개",
        "소비자 상담 전화": "마마캣 고객센터(1588-6141)",
        "제품 포장 유형": "통포장",
        "권장 급여량": "상세페이지 하단 참조",
        "제품 보관방법": "직사광선이 없는 곳에 실온보관",
        "제품 타입": "건사료"
    },
    {
        "id": 87,
        "name": "내추럴 그레이트니스 캣 센서티브 인도어 6kg",
        "image": "https://mamacat.co.kr/web/product/big/202010/0574c05877089e9df66a2f5bb6f1e2e1.png",
        "상품 간략설명": "성묘용 | 슈퍼프리미엄 (660원/100g당)",
        "가격정책": "마마캣 회원등급 할인 상품",
        "유통기한": "2022.05.04.",
        "사료등급": "슈퍼프리미엄 (2등급)",
        "정상 소비자가": "55,000원",
        "마마캣 판매가": "39,600원",
        "가장 높은 회원등급 할인 적용시 구매가": "37,620원 (최대 1,980원 할인)",
        "원산지": "스페인",
        "제조자 | 수입자": "THE ANIMAL STORE FOOD & ACCESSORIES, S.L. | ㈜피앤비인터내셔널",
        "사용 연령": "성묘용 (12개월 이상)",
        "100g 가격": "660원",
        "포장단위별 용량, 수량": "6kg",
        "법에 의한 인증 및 허가": "등록번호 : GGHEE0006",
        "원료구성": "신선한 닭고기, 탈수건조된닭과칠면조고기, 쌀, 옥수수분, 가수분해닭간, 계유, 탈수건조연어, 효모, 야채섬유, 사탕무박, 감자단백, 연어유, 탈수건조통계란, 비타민 (A, D3, E, C), 타우린, L-카르니틴, DL-메티오닌, 황산제1철수화물, 요오드산칼륨 등",
        "성분구성": "조단백 37%이상, 조지방 13%이상, 조섬유 5%이하, 수분 12%이하, 조회분 7%이하, 칼슘 1.3%이상, 인 1.1%이상",
        "현재 재고 수량": "3개",
        "소비자 상담 전화": "마마캣 고객센터(1588-6141)",
        "제품 포장 유형": "통포장",
        "권장 급여량": "상세페이지 하단 참조",
        "제품 보관방법": "직사광선이 없는 곳에 실온보관",
        "제품 타입": "건사료"
    },
    {
        "id": 88,
        "name": "내추럴 그레이트니스 캣 와일드 인스팅트 2kg",
        "image": "https://mamacat.co.kr/web/product/big/202010/431904f173bebf97db9e6ef285100117.png",
        "상품 간략설명": "전연령 | 홀리스틱 (1395원/100g당)",
        "가격정책": "마마캣 회원등급 할인 상품",
        "유통기한": "2022.05.04.",
        "사료등급": "홀리스틱 (1등급)",
        "정상 소비자가": "31,000원",
        "마마캣 판매가": "27,900원",
        "가장 높은 회원등급 할인 적용시 구매가": "26,510원 (최대 1,390원 할인)",
        "원산지": "스페인",
        "제조자 | 수입자": "THE ANIMAL STORE FOOD & ACCESSORIES, S.L. | ㈜피앤비인터내셔널",
        "사용 연령": "전연령 (3개월 이상)",
        "100g 가격": "1,395원",
        "포장단위별 용량, 수량": "2kg",
        "법에 의한 인증 및 허가": "등록번호 : GGHEE0004",
        "원료구성": "신선한 닭고기, 탈수건조된닭과칠면조고기, 감자, 계유, 가수분해닭간, 완두, 탈수건조연어, 사탕무박, 연어유, 효모, 탈수건조통계란, 치커리, 비타민 (A, D3, E, C), 타우린, L-라이신, DL-메티오닌, 황산철수화물 등",
        "성분구성": "조단백 41%이상, 조지방 21%이상, 조섬유 1.5%이하, 수분 12%이하, 조회분 7.2%이하, 칼슘 1.4%이상, 인 1.1%이상",
        "현재 재고 수량": "7개",
        "소비자 상담 전화": "마마캣 고객센터(1588-6141)",
        "제품 포장 유형": "통포장",
        "권장 급여량": "상세페이지 하단 참조",
        "제품 보관방법": "직사광선이 없는 곳에 실온보관",
        "제품 타입": "건사료"
    },
    {
        "id": 89,
        "name": "내추럴 그레이트니스 캣 주식캔 토끼&오리, 당근&카모마일 200g × 6개",
        "image": "https://mamacat.co.kr/web/product/big/202010/9f8c2d70f237e69e54e0170dba60e42f.png",
        "가격정책": "마마캣 회원등급 할인 상품",
        "유통기한": "2023.10.01.",
        "정상 소비자가": "24,000원",
        "마마캣 판매가": "12,600원",
        "가장 높은 회원등급 할인 적용시 구매가": "11,970원 (최대 630원 할인)",
        "원산지": "Landguth Heimtiernahrung GmbH (독일OEM)",
        "제조자 | 수입자": "THE ANIMAL STORE FOOD & ACCESSORIES, S.L. | ㈜피앤비인터내셔널",
        "사용 연령": "성묘용 (12개월 이상)",
        "100g 가격": "1,050원",
        "포장단위별 용량, 수량": "200g × 6개",
        "법에 의한 인증 및 허가": "등록번호 : GGHEE0007",
        "원료구성": "토끼, 오리(심장, 내장, 목), 육수 (토끼, 오리), 단근, 비타민 (D3, E, B1, B2, B6, B12), 나이아신아마이드, 판토텐산D칼슘, 엽산, 비오틴, 염화콜린, 황산아연, 황산망간, 요오드산칼슘, 타우린, 황산구리5수화물, 연어유, 카모마일",
        "성분구성": "조단백 10.1%이상, 조지방 5.4%이상, 조섬유 0.4%이하, 수분 80%이하, 조회분 2.7%이하, 칼슘 0.2%이상, 인 0.15%이상",
        "현재 재고 수량": "1개",
        "소비자 상담 전화": "마마캣 고객센터(1588-6141)",
        "제품 포장 유형": "캔",
        "권장 급여량": "상세페이지 하단 참조",
        "제품 보관방법": "직사광선이 없는 곳에 실온보관",
        "제품 타입": "주식으로 급여 가능한 캔"
    },
    {
        "id": 90,
        "name": "내추럴 그레이트니스 캣 주식캔 토끼&오리, 당근&카모마일 200g",
        "image": "https://mamacat.co.kr/web/product/big/202010/dcbe428a630a495f57f3d79786176d15.png",
        "가격정책": "마마캣 회원등급 할인 상품",
        "유통기한": "2023.10.01.",
        "정상 소비자가": "4,000원",
        "마마캣 판매가": "3,150원",
        "가장 높은 회원등급 할인 적용시 구매가": "3,000원 (최대 150원 할인)",
        "원산지": "Landguth Heimtiernahrung GmbH (독일OEM)",
        "제조자 | 수입자": "THE ANIMAL STORE FOOD & ACCESSORIES, S.L. | ㈜피앤비인터내셔널",
        "사용 연령": "성묘용 (12개월 이상)",
        "100g 가격": "1,575원",
        "포장단위별 용량, 수량": "200g",
        "법에 의한 인증 및 허가": "등록번호 : GGHEE0007",
        "원료구성": "토끼, 오리(심장, 내장, 목), 육수 (토끼, 오리), 단근, 비타민 (D3, E, B1, B2, B6, B12), 나이아신아마이드, 판토텐산D칼슘, 엽산, 비오틴, 염화콜린, 황산아연, 황산망간, 요오드산칼슘, 타우린, 황산구리5수화물, 연어유, 카모마일",
        "성분구성": "조단백 10.1%이상, 조지방 5.4%이상, 조섬유 0.4%이하, 수분 80%이하, 조회분 2.7%이하, 칼슘 0.2%이상, 인 0.15%이상",
        "현재 재고 수량": "6개",
        "소비자 상담 전화": "마마캣 고객센터(1588-6141)",
        "제품 포장 유형": "캔",
        "권장 급여량": "상세페이지 하단 참조",
        "제품 보관방법": "직사광선이 없는 곳에 실온보관",
        "제품 타입": "주식으로 급여 가능한 캔"
    },
    {
        "id": 91,
        "name": "내추럴 그레이트니스 캣 탑 마운틴 2kg",
        "image": "https://mamacat.co.kr/web/product/big/202010/fc0a48fdad09b93d635ec8d24ec79352.png",
        "상품 간략설명": "전연령 | 홀리스틱 (1575원/100g당)",
        "가격정책": "마마캣 회원등급 할인 상품",
        "유통기한": "2022.05.04.",
        "사료등급": "홀리스틱 (1등급)",
        "정상 소비자가": "35,000원",
        "마마캣 판매가": "31,500원",
        "가장 높은 회원등급 할인 적용시 구매가": "29,930원 (최대 1,570원 할인)",
        "원산지": "스페인",
        "제조자 | 수입자": "THE ANIMAL STORE FOOD & ACCESSORIES, S.L. | ㈜피앤비인터내셔널",
        "사용 연령": "전연령 (3개월 이상)",
        "100g 가격": "1,575원",
        "포장단위별 용량, 수량": "2kg",
        "법에 의한 인증 및 허가": "등록번호 : GGHEE0005",
        "원료구성": "신선한 토끼고기, 탈수건조토끼고기, 완두, 감자단백, 가금류오일, 탈수건조감자, 완두단백, 가수분해토끼, 연어유, 효모, 사탕무박, 비타민 (A, D3, E, C, B3), 황산철수화물, 요오드산칼륨, 황산구리5수화물 등",
        "성분구성": "조단백 37%이상, 조지방 20%이상, 조섬유 2.5%이하, 수분 12%이하, 조회분 7%이하, 칼슘 1.2%이상, 인 1.1%이상",
        "현재 재고 수량": "12개",
        "소비자 상담 전화": "마마캣 고객센터(1588-6141)",
        "제품 포장 유형": "통포장",
        "권장 급여량": "상세페이지 하단 참조",
        "제품 보관방법": "직사광선이 없는 곳에 실온보관",
        "제품 타입": "건사료"
    },
    {
        "id": 92,
        "name": "내추럴 그레이트니스 캣 탑 마운틴 6kg",
        "image": "https://mamacat.co.kr/web/product/big/202010/f77091ac1501272ce651c40aee40a5af.png",
        "상품 간략설명": "전연령 | 홀리스틱 (911원/100g당)",
        "가격정책": "마마캣 회원등급 할인 상품",
        "유통기한": "2022.05.04.",
        "사료등급": "홀리스틱 (1등급)",
        "정상 소비자가": "76,000원",
        "마마캣 판매가": "54,700원",
        "가장 높은 회원등급 할인 적용시 구매가": "51,970원 (최대 2,730원 할인)",
        "원산지": "스페인",
        "제조자 | 수입자": "THE ANIMAL STORE FOOD & ACCESSORIES, S.L. | ㈜피앤비인터내셔널",
        "사용 연령": "전연령 (3개월 이상)",
        "100g 가격": "911원",
        "포장단위별 용량, 수량": "6kg",
        "법에 의한 인증 및 허가": "등록번호 : GGHEE0005",
        "원료구성": "신선한 토끼고기, 탈수건조토끼고기, 완두, 감자단백, 가금류오일, 탈수건조감자, 완두단백, 가수분해토끼, 연어유, 효모, 사탕무박, 비타민 (A, D3, E, C, B3), 황산철수화물, 요오드산칼륨, 황산구리5수화물 등",
        "성분구성": "조단백 37%이상, 조지방 20%이상, 조섬유 2.5%이하, 수분 12%이하, 조회분 7%이하, 칼슘 1.2%이상, 인 1.1%이상",
        "현재 재고 수량": "1개",
        "소비자 상담 전화": "마마캣 고객센터(1588-6141)",
        "제품 포장 유형": "통포장",
        "권장 급여량": "상세페이지 하단 참조",
        "제품 보관방법": "직사광선이 없는 곳에 실온보관",
        "제품 타입": "건사료"
    },
    {
        "id": 93,
        "name": "내추럴발란스 주식캔 L.I.D 닭고기&호박 포뮬라 인 브롯 78g × 24개",
        "image": "https://mamacat.co.kr/web/product/big/202010/df0b649cbd900fec4c32173ec27ea4c4.png",
        "가격정책": "마마캣 회원등급 할인 상품",
        "유통기한": "2022.06.24.",
        "정상 소비자가": "96,000원",
        "마마캣 판매가": "71,590원",
        "가장 높은 회원등급 할인 적용시 구매가": "68,020원 (최대 3,570원 할인)",
        "원산지": "태국",
        "제조자 | 수입자": "Natural Balance Pet Foods, Inc.| (주)내추럴발란스코리아",
        "사용 연령": "4개월 이상 추천",
        "100g 가격": "3824원",
        "포장단위별 용량, 수량": "78g × 24개",
        "법에 의한 인증 및 허가": "사료관리법에 따른 수입신고를 필함",
        "원료구성": "닭고기, 닭고기 육즙, 호박, 카놀라 오일(혼합 토코페롤 보존), 구아검, 인산칼슘, 천연 향, 소금, 황산칼슘, 염화칼륨, 미량광물질류합제-칼슘,인, 타우린, 비타민합제-비타민C,E, 염화콜린, 카라기난, 로즈마리 추출물.",
        "성분구성": "조단백 11.0% 이상, 조지방 2.0% 이상, 조섬유 1.0% 이하, 타우린 0.05% 이하, 수분 83.0% 이하 / 칼로리(ME기준)=86kcal/100g",
        "현재 재고 수량": "5개",
        "소비자 상담 전화": "마마캣 고객센터 (1544-6141)"
    },
    {
        "id": 94,
        "name": "내추럴발란스 주식캔 L.I.D 닭고기&호박 포뮬라 인 브롯 78g",
        "image": "https://mamacat.co.kr/web/product/big/20191203/7d067bb8f8d92109e66288afc43ab53b.jpg",
        "가격정책": "마마캣 회원등급 할인 상품",
        "유통기한": "2022.06.24.",
        "정상 소비자가": "4,000원",
        "마마캣 판매가": "3,140원",
        "가장 높은 회원등급 할인 적용시 구매가": "2,990원 (최대 150원 할인)",
        "원산지": "태국",
        "제조자 | 수입자": "Natural Balance Pet Foods, Inc.| (주)내추럴발란스코리아",
        "사용 연령": "4개월 이상 추천",
        "100g 가격": "3,694원",
        "포장단위별 용량, 수량": "78g",
        "법에 의한 인증 및 허가": "사료관리법에 따른 수입신고를 필함",
        "원료구성": "닭고기, 닭고기 육즙, 호박, 카놀라 오일(혼합 토코페롤 보존), 구아검, 인산칼슘, 천연 향, 소금, 황산칼슘, 염화칼륨, 미량광물질류합제-칼슘,인, 타우린, 비타민합제-비타민C,E, 염화콜린, 카라기난, 로즈마리 추출물.",
        "성분구성": "조단백 11.0% 이상, 조지방 2.0% 이상, 조섬유 1.0% 이하, 타우린 0.05% 이하, 수분 83.0% 이하 / 칼로리(ME기준)=86kcal/100g",
        "현재 재고 수량": "16개",
        "소비자 상담 전화": "마마캣 고객센터 (1544-6141)"
    },
    {
        "id": 95,
        "name": "내추럴발란스 주식캔 L.I.D 참치&호박 포뮬라 인 브롯 78g × 24개",
        "image": "https://mamacat.co.kr/web/product/big/202010/8d72006638230382cb0365464796220b.png",
        "가격정책": "마마캣 회원등급 할인 상품",
        "유통기한": "2023.02.27.",
        "정상 소비자가": "96,000원",
        "마마캣 판매가": "71,590원",
        "가장 높은 회원등급 할인 적용시 구매가": "68,020원 (최대 3,570원 할인)",
        "원산지": "태국",
        "제조자 | 수입자": "Natural Balance Pet Foods, Inc.| (주)내추럴발란스코리아",
        "사용 연령": "4개월 이상 추천",
        "100g 가격": "3824원",
        "포장단위별 용량, 수량": "78g × 24개",
        "법에 의한 인증 및 허가": "사료관리법에 따른 수입신고를 필함",
        "원료구성": "참치, 참치 육즙, 호박, 카놀라 오일(혼합토코페롤 보존), 구아검, 인산칼슘, 소금, 황산칼슘, 천연 향, 염화칼륨, 염화콜린, 미량광물질류합제-칼슘,인, 비타민합제-비타민C,E, 타우린, 카라기난, 로즈마리 추출물.",
        "성분구성": "조단백 11.0% 이상, 조지방 2.0% 이상, 조섬유 1.0% 이하, 타우린 0.05 이하, 수분 83.0% 이하 / 칼로리(ME기준)=83kcal/100g / 칼로리(ME기준)=83kcal/100g",
        "현재 재고 수량": "4개",
        "소비자 상담 전화": "마마캣 고객센터 (1544-6141)"
    },
    {
        "id": 96,
        "name": "내추럴발란스 주식캔 L.I.D 참치&호박 포뮬라 인 브롯 78g",
        "image": "https://mamacat.co.kr/web/product/big/20200415/37d9b46ce45afa93f7c5a09be90399c0.jpg",
        "가격정책": "마마캣 회원등급 할인 상품",
        "유통기한": "2023.02.27.",
        "정상 소비자가": "4,000원",
        "마마캣 판매가": "3,140원",
        "가장 높은 회원등급 할인 적용시 구매가": "2,990원 (최대 150원 할인)",
        "원산지": "태국",
        "제조자 | 수입자": "Natural Balance Pet Foods, Inc.| (주)내추럴발란스코리아",
        "사용 연령": "4개월 이상 추천",
        "100g 가격": "3,694원",
        "포장단위별 용량, 수량": "78g",
        "법에 의한 인증 및 허가": "사료관리법에 따른 수입신고를 필함",
        "원료구성": "참치, 참치 육즙, 호박, 카놀라 오일(혼합토코페롤 보존), 구아검, 인산칼슘, 소금, 황산칼슘, 천연 향, 염화칼륨, 염화콜린, 미량광물질류합제-칼슘,인, 비타민합제-비타민C,E, 타우린, 카라기난, 로즈마리 추출물.",
        "성분구성": "조단백 11.0% 이상, 조지방 2.0% 이상, 조섬유 1.0% 이하, 타우린 0.05 이하, 수분 83.0% 이하 / 칼로리(ME기준)=83kcal/100g / 칼로리(ME기준)=83kcal/100g",
        "현재 재고 수량": "47개",
        "소비자 상담 전화": "마마캣 고객센터 (1544-6141)",
        "제품 보관방법": "직사광선이 없는 곳에 실온보관"
    },
    {
        "id": 97,
        "name": "내추럴발란스 주식캔 L.I.D 포뮬라 인 브롯 2종 맛보기 78g × 2개",
        "image": "https://mamacat.co.kr/web/product/big/20200422/f8315bc242125ff0fe29976ff60a15c1.jpg",
        "가격정책": "마마캣 회원등급 할인 상품",
        "유통기한": "각 상품 상세페이지 참고",
        "정상 소비자가": "8,000원",
        "마마캣 판매가": "6,190원",
        "가장 높은 회원등급 할인 적용시 구매가": "5,890원 (최대 300원 할인)",
        "원산지": "태국",
        "제조자 | 수입자": "Natural Balance Pet Foods, Inc.| (주)내추럴발란스코리아",
        "사용 연령": "4개월 이상 추천",
        "포장단위별 용량, 수량": "78g × 2개",
        "법에 의한 인증 및 허가": "사료관리법에 따른 수입신고를 필함",
        "원료구성": "각 상품 상세페이지 참고",
        "성분구성": "각 상품 상세페이지 참고",
        "현재 재고 수량": "22개",
        "소비자 상담 전화": "마마캣 고객센터 (1544-6141)",
        "제품 보관방법": "직사광선이 없는 곳에 실온보관"
    },
    {
        "id": 98,
        "name": "내추럴발란스 주식캔 L.I.D 포뮬라 인 브롯 2종 혼합 78g × 24개",
        "image": "https://mamacat.co.kr/web/product/big/202010/6ed0b3fc3fc3da12031433d6495ae704.png",
        "가격정책": "마마캣 회원등급 할인 상품",
        "유통기한": "각 상세페이지 참조",
        "정상 소비자가": "96,000원",
        "마마캣 판매가": "71,590원",
        "가장 높은 회원등급 할인 적용시 구매가": "68,020원 (최대 3,570원 할인)",
        "원산지": "태국",
        "제조자 | 수입자": "Natural Balance Pet Foods, Inc.| (주)내추럴발란스코리아",
        "사용 연령": "4개월 이상 추천",
        "100g 가격": "3824원",
        "포장단위별 용량, 수량": "78g × 24개",
        "법에 의한 인증 및 허가": "사료관리법에 따른 수입신고를 필함",
        "원료구성": "상세페이지 참조",
        "성분구성": "상세페이지 참조",
        "현재 재고 수량": "5개",
        "소비자 상담 전화": "마마캣 고객센터 (1544-6141)"
    },
    {
        "id": 99,
        "name": "내추럴발란스 주식캔 라이프즈 어비치 파테위드 참치&정어리&흰살생선&고등어 인 테이스티 그레이비 71g",
        "image": "https://mamacat.co.kr/web/product/big/20191203/abaf2b70de738f96f88c69a0dd52d8ee.jpg",
        "가격정책": "마마캣 회원등급 할인 상품",
        "유통기한": "2022.10.01.",
        "정상 소비자가": "3,000원",
        "마마캣 판매가": "2,390원",
        "가장 높은 회원등급 할인 적용시 구매가": "2,280원 (최대 110원 할인)",
        "원산지": "태국",
        "제조자 | 수입자": "Natural Balance Pet Foods, Inc.| (주)내추럴발란스코리아",
        "사용 연령": "4개월 이상 추천",
        "100g 가격": "3,366원",
        "포장단위별 용량, 수량": "71g",
        "법에 의한 인증 및 허가": "사료관리법에 따른 수입신고를 필함",
        "원료구성": "참치육즙, 참치, 정어리, 흰살생선, 당근, 완두콩 단백질, 고등어, 게, 시금치, 쌀가루, 해바라기오일, 염화칼륨, 구아검, 비타민합제-비타민C,E, 염화콜린, 타우린, 소금, 미량광물질류합제-칼슘,인, 산화아연, 비타민B1질산염.",
        "성분구성": "조단백질 11.0%이상, 조지방 3.0%이상, 조섬유 1.0%이하, 타우린 0.01%이하, 수분 80.0%이하 / 칼로리(ME)=104kcal/100g",
        "현재 재고 수량": "25개",
        "소비자 상담 전화": "마마캣 고객센터 (1544-6141)"
    },
    {
        "id": 100,
        "name": "내추럴발란스 주식캔 라이프즈 어비치 파테위드 참치&정어리&흰살생선&고등어 인 테이스티 그레이비 71g × 12개",
        "image": "https://mamacat.co.kr/web/product/big/202010/fa231c69a5f806ee08ebc6e1b11257c3.png",
        "가격정책": "마마캣 회원등급 할인 상품",
        "유통기한": "2022.10.01.",
        "정상 소비자가": "36,000원",
        "마마캣 판매가": "27,250원",
        "가장 높은 회원등급 할인 적용시 구매가": "25,890원 (최대 1,360원 할인)",
        "원산지": "태국",
        "제조자 | 수입자": "Natural Balance Pet Foods, Inc.| (주)내추럴발란스코리아",
        "사용 연령": "4개월 이상 추천",
        "100g 가격": "3198원",
        "포장단위별 용량, 수량": "71g × 12개",
        "법에 의한 인증 및 허가": "사료관리법에 따른 수입신고를 필함",
        "원료구성": "참치육즙, 참치, 정어리, 흰살생선, 당근, 완두콩 단백질, 고등어, 게, 시금치, 쌀가루, 해바라기오일, 염화칼륨, 구아검, 비타민합제-비타민C,E, 염화콜린, 타우린, 소금, 미량광물질류합제-칼슘,인, 산화아연, 비타민B1질산염.",
        "성분구성": "조단백질 11.0%이상, 조지방 3.0%이상, 조섬유 1.0%이하, 타우린 0.01%이하, 수분 80.0%이하 / 칼로리(ME)=104kcal/100g",
        "현재 재고 수량": "10개",
        "소비자 상담 전화": "마마캣 고객센터 (1544-6141)"
    },
    {
        "id": 101,
        "name": "내추럴발란스 주식캔 수제 pate 포뮬라 5종 맛보기 71g × 5개",
        "image": "https://mamacat.co.kr/web/product/big/20200414/1775225617014bda1d46bebacab0f555.jpg",
        "가격정책": "마마캣 회원등급 할인 상품",
        "정상 소비자가": "15,000원",
        "마마캣 판매가": "11,850원",
        "가장 높은 회원등급 할인 적용시 구매가": "11,260원 (최대 590원 할인)",
        "원산지": "태국",
        "제조자 | 수입자": "Natural Balance Pet Foods, Inc.| (주)내추럴발란스코리아",
        "사용 연령": "4개월 이상 추천",
        "100g 가격": "3,338원",
        "포장단위별 용량, 수량": "71g × 5개",
        "법에 의한 인증 및 허가": "사료관리법에 따른 수입신고를 필함",
        "원료구성": "각 상품 상세페이지 참고",
        "성분구성": "각 상품 상세페이지 참고",
        "현재 재고 수량": "34개",
        "소비자 상담 전화": "마마캣 고객센터 (1544-6141)"
    },
    {
        "id": 102,
        "name": "내추럴발란스 주식캔 수제 pate 포뮬라 5종 혼합 71g × 20개",
        "image": "https://mamacat.co.kr/web/product/big/202010/4ed16c871af8f2f46b8d78503a86b1df.png",
        "가격정책": "마마캣 회원등급 할인 상품",
        "유통기한": "각 상세페이지 참조",
        "정상 소비자가": "60,000원",
        "마마캣 판매가": "44,510원",
        "가장 높은 회원등급 할인 적용시 구매가": "42,290원 (최대 2,220원 할인)",
        "원산지": "태국",
        "제조자 | 수입자": "Natural Balance Pet Foods, Inc.| (주)내추럴발란스코리아",
        "사용 연령": "4개월 이상 추천",
        "100g 가격": "3135원",
        "포장단위별 용량, 수량": "71g × 20개",
        "법에 의한 인증 및 허가": "사료관리법에 따른 수입신고를 필함",
        "원료구성": "각 상품 상세페이지 참고",
        "성분구성": "각 상품 상세페이지 참고",
        "현재 재고 수량": "6개",
        "소비자 상담 전화": "마마캣 고객센터 (1544-6141)"
    },
    {
        "id": 103,
        "name": "내추럴발란스 주식캔 시 브룰레 위드 참치,흰살생선&당근 인 어 테이스티 그레이비 71g",
        "image": "https://mamacat.co.kr/web/product/big/20200415/bb4f98ddddfb1c302314aaebbe6046bd.jpg",
        "가격정책": "마마캣 회원등급 할인 상품",
        "유통기한": "2022.07.04.",
        "정상 소비자가": "3,000원",
        "마마캣 판매가": "2,390원",
        "가장 높은 회원등급 할인 적용시 구매가": "2,280원 (최대 110원 할인)",
        "원산지": "태국",
        "제조자 | 수입자": "Natural Balance Pet Foods, Inc.| (주)내추럴발란스코리아",
        "사용 연령": "4개월 이상 추천",
        "100g 가격": "3,366원",
        "포장단위별 용량, 수량": "71g",
        "법에 의한 인증 및 허가": "사료관리법에 따른 수입신고를 필함",
        "원료구성": "생선육즙, 참치, 흰살생선, 닭고기, 당근, 건조계란, 타피오카가루, 완두콩 단백질, 해바라기오일, 구아검, 인산칼슘, 소금, 염화콜린, 염화칼륨, 비타민합제-비타민C,E, 미량광물질류합제-칼슘,인, 타우린, 황산마그네슘, 산화아연, 비타민B1질산염.",
        "성분구성": "조단백질 10.0%이상, 조지방 2.0%이상, 조섬유 1.0%이하, 타우린 0.05%이하, 수분 83.0%이하 / 칼로리(ME)=85kcal/100g",
        "현재 재고 수량": "15개",
        "소비자 상담 전화": "마마캣 고객센터 (1544-6141)",
        "제품 보관방법": "직사광선이 없는 곳에 실온보관"
    },
    {
        "id": 104,
        "name": "내추럴발란스 주식캔 시 브룰레 위드 참치,흰살생선&당근 인 어 테이스티 그레이비 71g × 12개",
        "image": "https://mamacat.co.kr/web/product/big/202010/541bda1f64cc27aa364c7bd5c9bdeb58.png",
        "가격정책": "마마캣 회원등급 할인 상품",
        "유통기한": "2022.07.04.",
        "정상 소비자가": "36,000원",
        "마마캣 판매가": "27,250원",
        "가장 높은 회원등급 할인 적용시 구매가": "25,890원 (최대 1,360원 할인)",
        "원산지": "태국",
        "제조자 | 수입자": "Natural Balance Pet Foods, Inc.| (주)내추럴발란스코리아",
        "사용 연령": "4개월 이상 추천",
        "100g 가격": "3198원",
        "포장단위별 용량, 수량": "71g × 12개",
        "법에 의한 인증 및 허가": "사료관리법에 따른 수입신고를 필함",
        "원료구성": "생선육즙, 참치, 흰살생선, 닭고기, 당근, 건조계란, 타피오카가루, 완두콩 단백질, 해바라기오일, 구아검, 인산칼슘, 소금, 염화콜린, 염화칼륨, 비타민합제-비타민C,E, 미량광물질류합제-칼슘,인, 타우린, 황산마그네슘, 산화아연, 비타민B1질산염.",
        "성분구성": "조단백질 10.0%이상, 조지방 2.0%이상, 조섬유 1.0%이하, 타우린 0.05%이하, 수분 83.0%이하 / 칼로리(ME)=85kcal/100g",
        "현재 재고 수량": "11개",
        "소비자 상담 전화": "마마캣 고객센터 (1544-6141)"
    },
    {
        "id": 105,
        "name": "내추럴발란스 주식캔 오 피쉬얼리 스캠피 위드 참치&연어&당근&새우 인 어 테이스티 그레이비 71g",
        "image": "https://mamacat.co.kr/web/product/big/20191203/2d89d51382fb14833842a37b06a3489a.jpg",
        "가격정책": "마마캣 회원등급 할인 상품",
        "유통기한": "2023.02.26.",
        "정상 소비자가": "3,000원",
        "마마캣 판매가": "2,390원",
        "가장 높은 회원등급 할인 적용시 구매가": "2,280원 (최대 110원 할인)",
        "원산지": "태국",
        "제조자 | 수입자": "Natural Balance Pet Foods, Inc.| (주)내추럴발란스코리아",
        "사용 연령": "4개월 이상 추천",
        "100g 가격": "3,366원",
        "포장단위별 용량, 수량": "71g",
        "법에 의한 인증 및 허가": "사료관리법에 따른 수입신고를 필함",
        "원료구성": "참치육즙, 참치, 연어, 닭고기, 당근, 새우, 딜, 건조 계란, 완두콩 단백질, 타피오카 가루, 구아검, 인산칼슘, 해바라기 오일, 소금, 염화콜린, 염화칼륨, 비타민합제-비타민C,E, 타우린, 미량광물질류합제-칼슘,인, 황산마그네슘, 산화아연, 비타민B1질산염.",
        "성분구성": "조단백질 10.0%이상, 조지방 2.0%이상, 조섬유 1.0%이하, 타우린 0.05%이하, 수분 83.0%이하 / 칼로리(ME)=83kcal/100g",
        "현재 재고 수량": "18개",
        "소비자 상담 전화": "마마캣 고객센터 (1544-6141)"
    },
    {
        "id": 106,
        "name": "내추럴발란스 주식캔 오 피쉬얼리 스캠피 위드 참치&연어&당근&새우 인 어 테이스티 그레이비 71g × 12개",
        "image": "https://mamacat.co.kr/web/product/big/202010/cec722822ef46ec6f216268e51502332.png",
        "가격정책": "마마캣 회원등급 할인 상품",
        "유통기한": "2023.02.26.",
        "정상 소비자가": "36,000원",
        "마마캣 판매가": "27,250원",
        "가장 높은 회원등급 할인 적용시 구매가": "25,890원 (최대 1,360원 할인)",
        "원산지": "태국",
        "제조자 | 수입자": "Natural Balance Pet Foods, Inc.| (주)내추럴발란스코리아",
        "사용 연령": "4개월 이상 추천",
        "100g 가격": "3198원",
        "포장단위별 용량, 수량": "71g × 12개",
        "법에 의한 인증 및 허가": "사료관리법에 따른 수입신고를 필함",
        "원료구성": "참치육즙, 참치, 연어, 닭고기, 당근, 새우, 딜, 건조 계란, 완두콩 단백질, 타피오카 가루, 구아검, 인산칼슘, 해바라기 오일, 소금, 염화콜린, 염화칼륨, 비타민합제-비타민C,E, 타우린, 미량광물질류합제-칼슘,인, 황산마그네슘, 산화아연, 비타민B1질산염.",
        "성분구성": "조단백질 10.0%이상, 조지방 2.0%이상, 조섬유 1.0%이하, 타우린 0.05%이하, 수분 83.0%이하 / 칼로리(ME)=83kcal/100g",
        "현재 재고 수량": "8개",
        "소비자 상담 전화": "마마캣 고객센터 (1544-6141)"
    },
    {
        "id": 107,
        "name": "내추럴발란스 주식캔 차타투이 위드 닭고기&닭간 인 어 테이스티 그레이비 71g",
        "image": "https://mamacat.co.kr/web/product/big/20191203/10f8b865017bee867168d7b15f24a705.jpg",
        "가격정책": "마마캣 회원등급 할인 상품",
        "유통기한": "2023.02.27.",
        "정상 소비자가": "3,000원",
        "마마캣 판매가": "2,390원",
        "가장 높은 회원등급 할인 적용시 구매가": "2,280원 (최대 110원 할인)",
        "원산지": "태국",
        "제조자 | 수입자": "Natural Balance Pet Foods, Inc.| (주)내추럴발란스코리아",
        "사용 연령": "4개월 이상 추천",
        "100g 가격": "3,366원",
        "포장단위별 용량, 수량": "71g",
        "법에 의한 인증 및 허가": "사료관리법에 따른 수입신고를 필함",
        "원료구성": "닭고기 육즙, 닭고기, 닭고기 간, 당근, 건조계란, 그린빈, 타피오카 가루, 완두콩 단백질, 구아검, 해바라기 오일, 인산칼슘, 참치 오일, 염화콜린, 소금, 타우린, 염화칼륨, 비타민합제-비타민C,E, 미량광물질류합제-칼슘,인, 황산마그네슘, 산화아연, 비타민B1질산염",
        "성분구성": "조단백질 10.0%이상, 조지방 2.0%이상, 조섬유 1.0%이하, 타우린 0.05%이하, 수분 83.0%이하 / 칼로리(ME)=84kcal/100g",
        "현재 재고 수량": "15개",
        "소비자 상담 전화": "마마캣 고객센터 (1544-6141)"
    },
    {
        "id": 108,
        "name": "내추럴발란스 주식캔 차타투이 위드 닭고기&닭간 인 어 테이스티 그레이비 71g × 12개",
        "image": "https://mamacat.co.kr/web/product/big/202010/26862cd7bb424dc3592e51fb3db2ae55.png",
        "가격정책": "마마캣 회원등급 할인 상품",
        "유통기한": "2023.02.27.",
        "정상 소비자가": "36,000원",
        "마마캣 판매가": "27,250원",
        "가장 높은 회원등급 할인 적용시 구매가": "25,890원 (최대 1,360원 할인)",
        "원산지": "태국",
        "제조자 | 수입자": "Natural Balance Pet Foods, Inc.| (주)내추럴발란스코리아",
        "사용 연령": "4개월 이상 추천",
        "100g 가격": "3198원",
        "포장단위별 용량, 수량": "71g × 12개",
        "법에 의한 인증 및 허가": "사료관리법에 따른 수입신고를 필함",
        "원료구성": "닭고기 육즙, 닭고기, 닭고기 간, 당근, 건조계란, 그린빈, 타피오카 가루, 완두콩 단백질, 구아검, 해바라기 오일, 인산칼슘, 참치 오일, 염화콜린, 소금, 타우린, 염화칼륨, 비타민합제-비타민C,E, 미량광물질류합제-칼슘,인, 황산마그네슘, 산화아연, 비타민B1질산염",
        "성분구성": "조단백질 10.0%이상, 조지방 2.0%이상, 조섬유 1.0%이하, 타우린 0.05%이하, 수분 83.0%이하 / 칼로리(ME)=84kcal/100g",
        "현재 재고 수량": "12개",
        "소비자 상담 전화": "마마캣 고객센터 (1544-6141)"
    },
    {
        "id": 109,
        "name": "내추럴발란스 주식캔 퍼펙트 파엘라 위드 흰살생선&정어리&케일 인 어 테이스티 그레이비 71g",
        "image": "https://mamacat.co.kr/web/product/big/20191203/a3f5b764ca1d421264f3a5eb528d2a08.jpg",
        "가격정책": "마마캣 회원등급 할인 상품",
        "유통기한": "2022.10.02.",
        "정상 소비자가": "3,000원",
        "마마캣 판매가": "2,390원",
        "가장 높은 회원등급 할인 적용시 구매가": "2,280원 (최대 110원 할인)",
        "원산지": "태국",
        "제조자 | 수입자": "Natural Balance Pet Foods, Inc.| (주)내추럴발란스코리아",
        "사용 연령": "4개월 이상 추천",
        "100g 가격": "3,366원",
        "포장단위별 용량, 수량": "71g",
        "법에 의한 인증 및 허가": "사료관리법에 따른 수입신고를 필함",
        "원료구성": "참치 육즙, 흰살생선, 정어리, 닭고기, 케일, 가리비, 건조계란, 타피오카 가루, 완두콩 단백질, 해바라기 오일, 구아검, 인산칼슘, 소금, 염화콜린, 염화칼륨, 비타민합제-비타민C,E, 미량광물질류합제-칼슘,인, 타우린, 황산마그네슘, 산화아연, 비타민B1질산염",
        "성분구성": "조단백질 10.0%이상, 조지방 2.0%이상, 조섬유 1.0%이하, 타우린 0.05%이하, 수분 83.0%이하 / 칼로리(ME)=82kcal/100g",
        "현재 재고 수량": "24개",
        "소비자 상담 전화": "마마캣 고객센터 (1544-6141)"
    },
    {
        "id": 110,
        "name": "내추럴발란스 주식캔 퍼펙트 파엘라 위드 흰살생선&정어리&케일 인 어 테이스티 그레이비 71g × 12개",
        "image": "https://mamacat.co.kr/web/product/big/202010/6bcbb7a42e06bd80418f72057b3cc984.png",
        "가격정책": "마마캣 회원등급 할인 상품",
        "유통기한": "2022.10.02.",
        "정상 소비자가": "36,000원",
        "마마캣 판매가": "27,250원",
        "가장 높은 회원등급 할인 적용시 구매가": "25,890원 (최대 1,360원 할인)",
        "원산지": "태국",
        "제조자 | 수입자": "Natural Balance Pet Foods, Inc.| (주)내추럴발란스코리아",
        "사용 연령": "4개월 이상 추천",
        "100g 가격": "3198원",
        "포장단위별 용량, 수량": "71g × 12개",
        "법에 의한 인증 및 허가": "사료관리법에 따른 수입신고를 필함",
        "원료구성": "참치 육즙, 흰살생선, 정어리, 닭고기, 케일, 가리비, 건조계란, 타피오카 가루, 완두콩 단백질, 해바라기 오일, 구아검, 인산칼슘, 소금, 염화콜린, 염화칼륨, 비타민합제-비타민C,E, 미량광물질류합제-칼슘,인, 타우린, 황산마그네슘, 산화아연, 비타민B1질산염",
        "성분구성": "조단백질 10.0%이상, 조지방 2.0%이상, 조섬유 1.0%이하, 타우린 0.05%이하, 수분 83.0%이하 / 칼로리(ME)=82kcal/100g",
        "현재 재고 수량": "10개",
        "소비자 상담 전화": "마마캣 고객센터 (1544-6141)"
    },
    {
        "id": 111,
        "name": "내추럴발란스 캣 LID 완두&닭고기 포뮬라 1.36kg",
        "image": "https://mamacat.co.kr/web/product/big/20200427/0346cc6f8c17afca9e49c1a1cc5e9700.jpg",
        "상품 간략설명": "성묘용 | 홀리스틱 (1000원/100g당)",
        "가격정책": "마마캣 회원등급 할인 상품",
        "유통기한": "2022.01.22.",
        "사료등급": "홀리스틱",
        "정상 소비자가": "24,000원",
        "마마캣 판매가": "13,600원",
        "가장 높은 회원등급 할인 적용시 구매가": "12,920원 (최대 680원 할인)",
        "원산지": "미국",
        "제조자 | 수입자": "Natural Balance Pet Foods, Inc. | (주)내추럴발란스코리아",
        "사용 연령": "성묘용 (1년 이상)",
        "100g 가격": "1000원",
        "포장단위별 용량, 수량": "1.36kg",
        "법에 의한 인증 및 허가": "사료관리법에 따른 수입신고를 필함",
        "원료구성": "완두콩, 닭고기 분말, 닭고기, 닭고기 지방, 완두콩 단백질, 천연 향, 연어오일, 탄산칼슘, 아마씨, 염화칼륨, 소금, 염화콜린, DL-메티오닌, 미량광물질류합제-칼슘,인, 타우린, 비타민합제-비타민C,E, 혼합토코페롤, 로즈마리 추출물, 녹차 추출물, 스피아민트 추출물",
        "성분구성": "조단백질 30.0%이상, 조지방 12.0%이상, 조섬유 5.0%이하, 수분 10.0%이하, 타우린 0.16%이상, 오메가3지방산 0.40%이상, 오메가6지방산 1.5%이상 / 칼로리(ME)=360Kcal/100g",
        "현재 재고 수량": "6개",
        "소비자 상담 전화": "마마캣 고객센터 (1544-6141)",
        "제품 포장 유형": "지퍼"
    },
    {
        "id": 112,
        "name": "내추럴발란스 캣 LID 완두&닭고기 포뮬라 4.53kg",
        "image": "https://mamacat.co.kr/web/product/big/20200427/674941078056ddfc2b0ea93108e90d34.jpg",
        "상품 간략설명": "성묘용 | 홀리스틱 (1457원/100g당)",
        "가격정책": "마마캣 회원등급 할인 상품",
        "유통기한": "2021.11.13.",
        "사료등급": "홀리스틱",
        "정상 소비자가": "70,000원",
        "마마캣 판매가": "66,000원",
        "가장 높은 회원등급 할인 적용시 구매가": "62,700원 (최대 3,300원 할인)",
        "원산지": "미국",
        "제조자 | 수입자": "Natural Balance Pet Foods, Inc. | (주)내추럴발란스코리아",
        "사용 연령": "성묘용 (1년 이상)",
        "100g 가격": "1457원",
        "포장단위별 용량, 수량": "4.53kg",
        "법에 의한 인증 및 허가": "사료관리법에 따른 수입신고를 필함",
        "원료구성": "완두콩, 닭고기 분말, 닭고기, 닭고기 지방, 완두콩 단백질, 천연 향, 연어오일, 탄산칼슘, 아마씨, 염화칼륨, 소금, 염화콜린, DL-메티오닌, 미량광물질류합제-칼슘,인, 타우린, 비타민합제-비타민C,E, 혼합토코페롤, 로즈마리 추출물, 녹차 추출물, 스피아민트 추출물",
        "성분구성": "조단백질 30.0%이상, 조지방 12.0%이상, 조섬유 5.0%이하, 수분 10.0%이하, 타우린 0.16%이상, 오메가3지방산 0.40%이상, 오메가6지방산 1.5%이상 / 칼로리(ME)=360Kcal/100g",
        "현재 재고 수량": "4개",
        "소비자 상담 전화": "마마캣 고객센터 (1544-6141)",
        "제품 포장 유형": "지퍼"
    },
    {
        "id": 113,
        "name": "내추럴발란스 캣 LID 완두&연어 캣 포뮬라 1.36kg",
        "image": "https://mamacat.co.kr/web/product/big/20200427/19353aeb9b5d72902318a2a312093c8c.jpg",
        "상품 간략설명": "성묘용 | 홀리스틱 (1603원/100g당)",
        "가격정책": "마마캣 회원등급 할인 상품",
        "유통기한": "2021.12.20.",
        "사료등급": "홀리스틱",
        "정상 소비자가": "27,000원",
        "마마캣 판매가": "21,810원",
        "가장 높은 회원등급 할인 적용시 구매가": "20,720원 (최대 1,090원 할인)",
        "원산지": "미국",
        "제조자 | 수입자": "Natural Balance Pet Foods, Inc. | (주)내추럴발란스코리아",
        "사용 연령": "성묘용 (1년이상)",
        "100g 가격": "1,603원",
        "포장단위별 용량, 수량": "1.36kg",
        "법에 의한 인증 및 허가": "사료관리법에 따른 수입신고를 필함",
        "원료구성": "녹색 완두콩, 연어분말, 연어, 완두콩 단백질, 카놀라 오일, 혼합 토코페롤, 천연 향, 탄산 칼슘, 아마씨, DL-메티오닌, 소금, 염화콜린, 미량광물질류합제-칼슘,인, 타우린, 비타민합제-비타민C,E, 혼합 토코페롤 보존, 로즈마리 추출물, 녹차 추출물 등",
        "성분구성": "조단백질 30.0%이상, 조지방 12.0%이상, 조섬유 4.5%이하, 수분 10.0%이하, 타우린 0.16%이상, 오메가3지방산 0.80%이상, 오메가6지방산 1.9%이상 / 칼로리(ME)=354kcal/100g",
        "현재 재고 수량": "15개",
        "소비자 상담 전화": "마마캣 고객센터 (1544-6141)",
        "제품 포장 유형": "지퍼"
    },
    {
        "id": 114,
        "name": "내추럴발란스 캣 LID 완두&연어 캣 포뮬라 4.54kg",
        "image": "https://mamacat.co.kr/web/product/big/20200406/8699068410ef2c1e0a35dd694e5d70d5.jpg",
        "상품 간략설명": "성묘용 | 홀리스틱 (1454원/100g당)",
        "가격정책": "마마캣 회원등급 할인 상품",
        "유통기한": "2022.01.31.",
        "사료등급": "홀리스틱",
        "정상 소비자가": "70,000원",
        "마마캣 판매가": "66,000원",
        "가장 높은 회원등급 할인 적용시 구매가": "62,700원 (최대 3,300원 할인)",
        "원산지": "미국",
        "제조자 | 수입자": "Natural Balance Pet Foods, Inc. | (주)내추럴발란스코리아",
        "사용 연령": "성묘용 (1년이상)",
        "100g 가격": "1454원",
        "포장단위별 용량, 수량": "4.54kg",
        "법에 의한 인증 및 허가": "사료관리법에 따른 수입신고를 필함",
        "원료구성": "녹색 완두콩, 연어분말, 연어, 완두콩 단백질, 카놀라 오일, 혼합 토코페롤, 천연 향, 탄산 칼슘, 아마씨, DL-메티오닌, 소금, 염화콜린, 미량광물질류합제-칼슘,인, 타우린, 비타민합제-비타민C,E, 혼합 토코페롤 보존, 로즈마리 추출물, 녹차 추출물 등",
        "성분구성": "조단백질 30.0%이상, 조지방 12.0%이상, 조섬유 4.5%이하, 수분 10.0%이하, 타우린 0.16%이상, 오메가3지방산 0.80%이상, 오메가6지방산 1.9%이상 / 칼로리(ME)=354kcal/100g",
        "색상": "분홍색",
        "현재 재고 수량": "5개",
        "소비자 상담 전화": "마마캣 고객센터 (1544-6141)",
        "제품 포장 유형": "통포장"
    },
    {
        "id": 115,
        "name": "내추럴발란스 캣 LID 인도어 연어&병아리콩 포뮬라 1.36kg",
        "image": "https://mamacat.co.kr/web/product/big/20200427/514f375958b5e781d2ad88e4701910df.jpg",
        "상품 간략설명": "성묘용 | 홀리스틱 (1603원/100g당)",
        "가격정책": "마마캣 회원등급 할인 상품",
        "유통기한": "2022.01.30.",
        "사료등급": "홀리스틱",
        "정상 소비자가": "27,000원",
        "마마캣 판매가": "21,810원",
        "가장 높은 회원등급 할인 적용시 구매가": "20,720원 (최대 1,090원 할인)",
        "원산지": "미국",
        "제조자 | 수입자": "Natural Balance Pet Foods, Inc. | (주)내추럴발란스코리아",
        "사용 연령": "성묘용 (1년 이상)",
        "100g 가격": "1,603원",
        "포장단위별 용량, 수량": "1.36kg",
        "법에 의한 인증 및 허가": "사료관리법에 따른 수입신고를 필함",
        "원료구성": "녹색 완두콩, 연어분말, 연어, 완두콩 단백질, 카놀라 오일, 혼합 토코페롤, 천연향, 탄산 칼슘, 아마씨, DL-메티오닌, 소금, 염화 콜린, 미량광물질류합제-칼슘,인, 타우린, 비타민합제-비타민C,E, 혼합 토코페롤, 로즈마리 추출물, 녹차 추출물, 스피아민트 추출물 등",
        "성분구성": "조단백질 30.0%이상, 조지방 12.0%이상, 조섬유 4.5%이하, 수분 10.0%이하, 타우린 0.16%이상, 오메가3지방산 0.80%이상, 오메가6지방산 1.9%이상 / 칼로리(ME)=354kcal/100g",
        "현재 재고 수량": "6개",
        "소비자 상담 전화": "마마캣 고객센터 (1544-6141)",
        "제품 포장 유형": "지퍼"
    },
    {
        "id": 116,
        "name": "내추럴발란스 캣 LID 인도어 연어&병아리콩 포뮬라 4.53kg",
        "image": "https://mamacat.co.kr/web/product/big/20200427/58493f69ea45767c432e919eb2dcc25f.jpg",
        "상품 간략설명": "성묘용 | 홀리스틱 (1457원/100g당)",
        "가격정책": "마마캣 회원등급 할인 상품",
        "유통기한": "2022.01.30.",
        "사료등급": "홀리스틱",
        "정상 소비자가": "70,000원",
        "마마캣 판매가": "66,000원",
        "가장 높은 회원등급 할인 적용시 구매가": "62,700원 (최대 3,300원 할인)",
        "원산지": "미국",
        "제조자 | 수입자": "Natural Balance Pet Foods, Inc. | (주)내추럴발란스코리아",
        "사용 연령": "성묘용 (1년 이상)",
        "100g 가격": "1457원",
        "포장단위별 용량, 수량": "4.53kg",
        "법에 의한 인증 및 허가": "사료관리법에 따른 수입신고를 필함",
        "원료구성": "녹색 완두콩, 연어분말, 연어, 완두콩 단백질, 카놀라 오일, 혼합 토코페롤, 천연향, 탄산 칼슘, 아마씨, DL-메티오닌, 소금, 염화 콜린, 미량광물질류합제-칼슘,인, 타우린, 비타민합제-비타민C,E, 혼합 토코페롤, 로즈마리 추출물, 녹차 추출물, 스피아민트 추출물 등",
        "성분구성": "조단백질 30.0%이상, 조지방 12.0%이상, 조섬유 4.5%이하, 수분 10.0%이하, 타우린 0.16%이상, 오메가3지방산 0.80%이상, 오메가6지방산 1.9%이상 / 칼로리(ME)=354kcal/100g",
        "현재 재고 수량": "3개",
        "소비자 상담 전화": "마마캣 고객센터 (1544-6141)",
        "제품 포장 유형": "지퍼"
    },
    {
        "id": 117,
        "name": "내추럴발란스 캣 울트라 프리미엄 닭&연어 3kg",
        "image": "https://mamacat.co.kr/web/product/big/20200406/554436b14dc302f9ba7deb7de9b3ac1a.jpg",
        "상품 간략설명": "전연령 | 홀리스틱 (973원/100g당)",
        "가격정책": "마마캣 회원등급 할인 상품",
        "유통기한": "2022.02.28.",
        "박집사 한마디": "USDA에서 인증한 휴먼그레이드 원료만 사용한 전연령 사료입니다. 내추럴발란스 중 기호성은 가장 좋고 무난하게 좋은 사료입니다 :)",
        "사료등급": "홀리스틱",
        "정상 소비자가": "42,000원",
        "마마캣 판매가": "29,200원",
        "가장 높은 회원등급 할인 적용시 구매가": "27,740원 (최대 1,460원 할인)",
        "원산지": "미국",
        "제조자 | 수입자": "Natural Balance Pet Foods, Inc. | (주)내추럴발란스코리아",
        "사용 연령": "전연령 (3개월 이상)",
        "100g 가격": "973원",
        "포장단위별 용량, 수량": "3kg",
        "법에 의한 인증 및 허가": "사료관리법에 따른 수입신고를 필함",
        "원료구성": "닭고기 분말, 현미, 닭고기, 닭고기 지방, 건조 맥주효모, 통귀리, 닭고기 간, 연어 분말, 천연향, 청어 오일, 완두콩 섬유질, 귀리껍질, 소금, DL-메티오닌, 염화칼륨, 염화콜린, 타우린, 미량광물질류합제-칼슘,인, L-트립토판, 비타민류합제-비타민C,E 등",
        "성분구성": "조단백질 34.0%이상, 조지방 16.8%이상+20.0%이하, 조섬유 3.0%이하, 수분 10.0%이하, EPA+DHA 0.35%이상, 칼슘 1.1%이상, 인 0.90%이상, 비타민E 100IU/kg이상, 타우린 0.15%이상, 아스코르브산(비타민C) 200mg/kg이상, 오메가3 0.50%이상, 오메가6 2.5%이상",
        "현재 재고 수량": "22개",
        "소비자 상담 전화": "마마캣 고객센터 (1544-6141)",
        "제품 포장 유형": "지퍼"
    },
    {
        "id": 118,
        "name": "내추럴발란스 캣 울트라 프리미엄 닭&연어 6.8kg",
        "image": "https://mamacat.co.kr/web/product/big/20200406/bb5261b3b2247a0260956a0c39bdf7c1.jpg",
        "상품 간략설명": "전연령 | 홀리스틱 (823원/100g당)",
        "가격정책": "마마캣 회원등급 할인 상품",
        "유통기한": "2022.02.28.",
        "박집사 한마디": "USDA에서 인증한 휴먼그레이드 원료만 사용한 전연령 사료입니다. 내추럴발란스 중 기호성은 가장 좋고 무난하게 좋은 사료입니다 :)",
        "사료등급": "홀리스틱",
        "정상 소비자가": "88,000원",
        "마마캣 판매가": "56,000원",
        "가장 높은 회원등급 할인 적용시 구매가": "53,200원 (최대 2,800원 할인)",
        "원산지": "미국",
        "제조자 | 수입자": "Natural Balance Pet Foods, Inc. | (주)내추럴발란스코리아",
        "사용 연령": "전연령 (3개월 이상)",
        "100g 가격": "823원",
        "포장단위별 용량, 수량": "6.8kg",
        "법에 의한 인증 및 허가": "사료관리법에 따른 수입신고를 필함",
        "원료구성": "닭고기 분말, 현미, 닭고기, 닭고기 지방, 건조 맥주효모, 통귀리, 닭고기 간, 연어 분말, 천연향, 청어 오일, 완두콩 섬유질, 귀리껍질, 소금, DL-메티오닌, 염화칼륨, 염화콜린, 타우린, 미량광물질류합제-칼슘,인, L-트립토판, 비타민류합제-비타민C,E 등",
        "성분구성": "조단백질 34.0%이상, 조지방 16.8%이상+20.0%이하, 조섬유 3.0%이하, 수분 10.0%이하, EPA+DHA 0.35%이상, 칼슘 1.1%이상, 인 0.90%이상, 비타민E 100IU/kg이상, 타우린 0.15%이상, 아스코르브산(비타민C) 200mg/kg이상, 오메가3 0.50%이상, 오메가6 2.5%이상",
        "현재 재고 수량": "10개",
        "소비자 상담 전화": "마마캣 고객센터 (1544-6141)",
        "제품 포장 유형": "통포장 (지퍼 없음)"
    },
    {
        "id": 119,
        "name": "내추럴발란스 캣 인도어 3kg 유통기한 2021.11.",
        "image": "https://mamacat.co.kr/web/product/big/20200406/d200e86863278f22e81d6b2807baa9fd.jpg",
        "상품 간략설명": "성묘용 | 홀리스틱 (1130원/100g당)",
        "가격정책": "마마캣 회원등급 할인 상품",
        "유통기한": "2021.11.06.",
        "박집사 한마디": "USDA에서 인증한 휴먼그레이드 원료를 사용한 사료입니다. 칼로리가 낮아서 체중 조절용으로 적합한 성묘용 사료 입니다 :)",
        "사료등급": "홀리스틱",
        "정상 소비자가": "44,000원",
        "마마캣 판매가": "27,600원",
        "가장 높은 회원등급 할인 적용시 구매가": "26,220원 (최대 1,380원 할인)",
        "원산지": "미국",
        "제조자 | 수입자": "Natural Balance Pet Foods, Inc. | (주)내추럴발란스코리아",
        "사용 연령": "성묘용 (12개월 이상)",
        "100g 가격": "1130원",
        "포장단위별 용량, 수량": "3kg",
        "법에 의한 인증 및 허가": "사료관리법에 따른 수입신고를 필함",
        "원료구성": "닭고기, 닭고기 분말, 현미, 귀리알곡, 연어오일, 귀리껍질, 닭고기지방(혼합토코페롤보존), 천연 향, 완두콩 섬유질, 건조 알팔파 분말, 건조 계란, 건조 감자, 감자 단백질, 건조 맥주효모, 아마씨, 청어오일(혼합토코페롤보존), 소금, 염화칼륨, 시금치, 파슬리 등",
        "성분구성": "조단백질 30.0%이상, 조지방 14.0%이상+16.5%이하, 조섬유 8.0%이하, 수분 10.0%이하, 타우린 0.15%이상, 오메가3지방산 0.40%이상, 오메가6지방산 2.0%이상 / 칼로리(ME)=347kcal/100g",
        "현재 재고 수량": "9개",
        "소비자 상담 전화": "마마캣 고객센터 (1544-6141)",
        "제품 포장 유형": "지퍼"
    },
    {
        "id": 120,
        "name": "내추럴발란스 캣 인도어 6.8kg",
        "image": "https://mamacat.co.kr/web/product/big/20200406/78934cbb005a218182a28205c890435e.jpg",
        "상품 간략설명": "성묘용 | 홀리스틱 (867원/100g당)",
        "가격정책": "마마캣 회원등급 할인 상품",
        "유통기한": "2021.11.30.",
        "박집사 한마디": "USDA에서 인증한 휴먼그레이드 원료를 사용한 사료입니다. 칼로리가 낮아서 체중 조절용으로 적합한 성묘용 사료 입니다 :)",
        "사료등급": "홀리스틱",
        "정상 소비자가": "90,000원",
        "마마캣 판매가": "59,000원",
        "가장 높은 회원등급 할인 적용시 구매가": "56,050원 (최대 2,950원 할인)",
        "원산지": "미국",
        "제조자 | 수입자": "Natural Balance Pet Foods, Inc. | (주)내추럴발란스코리아",
        "사용 연령": "성묘용 (12개월 이상)",
        "100g 가격": "867원",
        "포장단위별 용량, 수량": "6.8kg",
        "법에 의한 인증 및 허가": "사료관리법에 따른 수입신고를 필함",
        "원료구성": "닭고기, 닭고기 분말, 현미, 귀리알곡, 연어오일, 귀리껍질, 닭고기지방(혼합토코페롤보존), 천연 향, 완두콩 섬유질, 건조 알팔파 분말, 건조 계란, 건조 감자, 감자 단백질, 건조 맥주효모, 아마씨, 청어오일(혼합토코페롤보존), 소금, 염화칼륨, 시금치, 파슬리 등",
        "성분구성": "조단백질 30.0%이상, 조지방 14.0%이상+16.5%이하, 조섬유 8.0%이하, 수분 10.0%이하, 타우린 0.15%이상, 오메가3지방산 0.40%이상, 오메가6지방산 2.0%이상 / 칼로리(ME)=347kcal/100g",
        "현재 재고 수량": "4개",
        "소비자 상담 전화": "마마캣 고객센터 (1544-6141)",
        "제품 포장 유형": "통포장 (지퍼 없음)"
    },
    {
        "id": 121,
        "name": "내추럴발란스 캣 팻캣 다이어트 포뮬라 1.36kg",
        "image": "https://mamacat.co.kr/web/product/big/20200427/841195a3782118d14dd4d1e38bb55b0f.jpg",
        "상품 간략설명": "성묘용 | 홀리스틱 (1449원/100g당)",
        "가격정책": "마마캣 회원등급 할인 상품",
        "유통기한": "2021.11.23.",
        "사료등급": "홀리스틱",
        "정상 소비자가": "24,000원",
        "마마캣 판매가": "19,700원",
        "가장 높은 회원등급 할인 적용시 구매가": "18,720원 (최대 980원 할인)",
        "원산지": "미국",
        "제조자 | 수입자": "Natural Balance Pet Foods, Inc. | (주)내추럴발란스코리아",
        "사용 연령": "성묘용 (1년 이상)",
        "100g 가격": "1449원",
        "포장단위별 용량, 수량": "1.36kg",
        "법에 의한 인증 및 허가": "사료관리법에 따른 수입신고를 필함",
        "원료구성": "닭고기 분말, 연어 분말, 완두콩 단백질, 병아리콩, 완두콩, 귀리알곡, 사탕무 분말, 완두콩 섬유질, 건조 알팔파, 귀리껍질, 천연향, 건조토마토 포마스, 닭고기 지방(혼합 토코페롤 보존), 건조맥주효모, 연어오일(혼합 토코페롤 보존), 건조 계란, 당근, 파슬리 등",
        "성분구성": "조단백질 35.0%이상, 조지방 9.5%이상, 조섬유 9.0%이하, 수분 10.0%이하, 타우린 0.15%이상, 오메가3지방산 0.25%이상, 오메가6지방산 1.5%이상, L-카르니틴 300mg/kg이상 / 칼로리(ME)=320Kcal/100g",
        "현재 재고 수량": "14개",
        "소비자 상담 전화": "마마캣 고객센터 (1544-6141)",
        "제품 포장 유형": "지퍼"
    },
    {
        "id": 122,
        "name": "내추럴발란스 캣 팻캣 다이어트 포뮬라 6.81kg",
        "image": "https://mamacat.co.kr/web/product/big/20200427/f230aba3ff013e895e4e836c6380a8c0.jpg",
        "상품 간략설명": "성묘용 | 홀리스틱 (1208원/100g당)",
        "가격정책": "마마캣 회원등급 할인 상품",
        "유통기한": "2021.11.23.",
        "사료등급": "홀리스틱",
        "정상 소비자가": "95,000원",
        "마마캣 판매가": "82,290원",
        "가장 높은 회원등급 할인 적용시 구매가": "78,180원 (최대 4,110원 할인)",
        "원산지": "미국",
        "제조자 | 수입자": "Natural Balance Pet Foods, Inc. | (주)내추럴발란스코리아",
        "사용 연령": "성묘용 (1년 이상)",
        "100g 가격": "1208원",
        "포장단위별 용량, 수량": "4.53kg",
        "법에 의한 인증 및 허가": "사료관리법에 따른 수입신고를 필함",
        "원료구성": "닭고기 분말, 연어 분말, 완두콩 단백질, 병아리콩, 완두콩, 귀리알곡, 사탕무 분말, 완두콩 섬유질, 건조 알팔파, 귀리껍질, 천연향, 건조토마토 포마스, 닭고기 지방(혼합 토코페롤 보존), 건조맥주효모, 연어오일(혼합 토코페롤 보존), 건조 계란, 당근, 파슬리 등",
        "성분구성": "조단백질 35.0%이상, 조지방 9.5%이상, 조섬유 9.0%이하, 수분 10.0%이하, 타우린 0.15%이상, 오메가3지방산 0.25%이상, 오메가6지방산 1.5%이상, L-카르니틴 300mg/kg이상 / 칼로리(ME)=320Kcal/100g",
        "현재 재고 수량": "2개",
        "소비자 상담 전화": "마마캣 고객센터 (1544-6141)",
        "제품 포장 유형": "지퍼"
    },
    {
        "id": 123,
        "name": "내추로 캣 주식캔 4종 맛보기 85g × 4개",
        "image": "https://mamacat.co.kr/web/product/big/20200623/beaadfef2608e95bd6602d4b89368b8a.jpg",
        "가격정책": "마마캣 회원등급 할인 상품",
        "유통기한": "각 상세페이지 참조",
        "정상 소비자가": "12,000원",
        "마마캣 판매가": "11,200원",
        "가장 높은 회원등급 할인 적용시 구매가": "10,640원 (최대 560원 할인)",
        "원산지": "영국",
        "제조자 | 수입자": "John Mackle Ltd. | ㈜펫쓰리엘",
        "사용 연령": "전연령 (3개월 이후)",
        "100g 가격": "3,294원",
        "포장단위별 용량, 수량": "85g × 4개",
        "법에 의한 인증 및 허가": "사료관리법에 따른 수입신고를 필함",
        "원료구성": "각 상세페이지 참조",
        "성분구성": "각 상세페이지 참조",
        "현재 재고 수량": "7개",
        "소비자 상담 전화": "마마캣 고객센터 (1544-6141)",
        "제품 포장 유형": "플라스틱 캔",
        "제품 보관방법": "직사광선이 없고 건조하며 서늘한곳에 보관"
    },
    {
        "id": 124,
        "name": "내추로 캣 주식캔 4종 혼합 85g × 8개",
        "image": "https://mamacat.co.kr/web/product/big/202010/fed5e615d2eea28e63b117c6f1f56744.png",
        "가격정책": "마마캣 회원등급 할인 상품",
        "유통기한": "각 상세페이지 참조",
        "정상 소비자가": "24,000원",
        "마마캣 판매가": "21,280원",
        "가장 높은 회원등급 할인 적용시 구매가": "20,220원 (최대 1,060원 할인)",
        "원산지": "영국",
        "제조자 | 수입자": "John Mackle Ltd. | ㈜펫쓰리엘",
        "사용 연령": "전연령 (3개월 이후)",
        "100g 가격": "3129원",
        "포장단위별 용량, 수량": "85g × 8개",
        "법에 의한 인증 및 허가": "사료관리법에 따른 수입신고를 필함",
        "원료구성": "각 상품 상세페이지 참고",
        "성분구성": "각 상품 상세페이지 참고",
        "현재 재고 수량": "품절",
        "소비자 상담 전화": "마마캣 고객센터 (1544-6141)",
        "제품 포장 유형": "플라스틱 캔"
    },
    {
        "id": 125,
        "name": "내추로 캣 주식캔 닭고기 85g",
        "image": "https://mamacat.co.kr/web/product/big/20200623/eea75677db137bfae8d2acf6220a8fe5.jpg",
        "가격정책": "마마캣 회원등급 할인 상품",
        "유통기한": "2022.12.07.",
        "정상 소비자가": "3,000원",
        "마마캣 판매가": "2,830원",
        "가장 높은 회원등급 할인 적용시 구매가": "2,690원 (최대 140원 할인)",
        "원산지": "영국",
        "제조자 | 수입자": "John Mackle Ltd. | ㈜펫쓰리엘",
        "사용 연령": "전연령 (3개월 이후)",
        "100g 가격": "3,329원",
        "포장단위별 용량, 수량": "85g",
        "법에 의한 인증 및 허가": "사료관리법에 따른 수입신고를 필함",
        "원료구성": "닭고기 70%, 닭고기 육즙 10%, 해바라기 오일 0.1%, 미네랄, 연어오일 0.1%, 비타민E 20mg, 망간, 타우린 800mg",
        "성분구성": "조단백 10%이상, 조지방 8%이상, 조섬유 0.5%이하, 조회분 2.0%이하, 수분 77%이하, 칼슘 0.36%이상, 인 0.26%이상, 칼로리(ME)=119kcal/100g",
        "현재 재고 수량": "4개",
        "소비자 상담 전화": "마마캣 고객센터 (1544-6141)",
        "제품 포장 유형": "플라스틱 캔",
        "제품 보관방법": "직사광선이 없고 건조하며 서늘한곳에 보관"
    },
    {
        "id": 126,
        "name": "내추로 캣 주식캔 연어 85g × 8개",
        "image": "https://mamacat.co.kr/web/product/big/202010/2c57f4368a447820cc1941302414593b.png",
        "가격정책": "마마캣 회원등급 할인 상품",
        "유통기한": "2022.02.17.",
        "정상 소비자가": "24,000원",
        "마마캣 판매가": "21,280원",
        "가장 높은 회원등급 할인 적용시 구매가": "20,220원 (최대 1,060원 할인)",
        "원산지": "영국",
        "제조자 | 수입자": "John Mackle Ltd. | ㈜펫쓰리엘",
        "사용 연령": "전연령 (3개월 이후)",
        "100g 가격": "3129원",
        "포장단위별 용량, 수량": "85g × 8개",
        "법에 의한 인증 및 허가": "사료관리법에 따른 수입신고를 필함",
        "원료구성": "연어 26%, 닭고기 24%, 닭고기 간 20%, 닭고기 육즙 10%, 해바라기 오일 0.1%, 미네랄, 연어오일 0.1%, 비타민E 20mg, 망간, 타우린 800mg.",
        "성분구성": "조단백 10.5%이상, 조지방 10%이상, 조섬유 0.5%이하, 조회분 2.5%이하, 수분 77%이하, 칼슘 0.55%이상, 인 0.3%이상, 칼로리(ME)=126kcal/100g",
        "현재 재고 수량": "9개",
        "소비자 상담 전화": "마마캣 고객센터 (1544-6141)",
        "제품 포장 유형": "플라스틱 캔"
    },
    {
        "id": 127,
        "name": "내추로 캣 주식캔 연어 85g",
        "image": "https://mamacat.co.kr/web/product/big/20200623/971b9b8d542ef720870d40952e48b6f2.jpg",
        "가격정책": "마마캣 회원등급 할인 상품",
        "유통기한": "2022.02.17.",
        "정상 소비자가": "3,000원",
        "마마캣 판매가": "2,830원",
        "가장 높은 회원등급 할인 적용시 구매가": "2,690원 (최대 140원 할인)",
        "원산지": "영국",
        "제조자 | 수입자": "John Mackle Ltd. | ㈜펫쓰리엘",
        "사용 연령": "전연령 (3개월 이후)",
        "100g 가격": "3,329원",
        "포장단위별 용량, 수량": "85g",
        "법에 의한 인증 및 허가": "사료관리법에 따른 수입신고를 필함",
        "원료구성": "연어 26%, 닭고기 24%, 닭고기 간 20%, 닭고기 육즙 10%, 해바라기 오일 0.1%, 미네랄, 연어오일 0.1%, 비타민E 20mg, 망간, 타우린 800mg.",
        "성분구성": "조단백 10.5%이상, 조지방 10%이상, 조섬유 0.5%이하, 조회분 2.5%이하, 수분 77%이하, 칼슘 0.55%이상, 인 0.3%이상, 칼로리(ME)=126kcal/100g",
        "현재 재고 수량": "15개",
        "소비자 상담 전화": "마마캣 고객센터 (1544-6141)",
        "제품 포장 유형": "플라스틱 캔",
        "제품 보관방법": "직사광선이 없고 건조하며 서늘한곳에 보관"
    },
    {
        "id": 128,
        "name": "내추로 캣 주식캔 참치 85g × 8개",
        "image": "https://mamacat.co.kr/web/product/big/202010/310fde82413f6ddbd71602fa5a21f20f.png",
        "가격정책": "마마캣 회원등급 할인 상품",
        "유통기한": "2022.11.23.",
        "정상 소비자가": "24,000원",
        "마마캣 판매가": "21,280원",
        "가장 높은 회원등급 할인 적용시 구매가": "20,220원 (최대 1,060원 할인)",
        "원산지": "영국",
        "제조자 | 수입자": "John Mackle Ltd. | ㈜펫쓰리엘",
        "사용 연령": "전연령 (3개월 이후)",
        "100g 가격": "3129원",
        "포장단위별 용량, 수량": "85g × 8개",
        "법에 의한 인증 및 허가": "사료관리법에 따른 수입신고를 필함",
        "원료구성": "참치 26%, 닭고기 24%, 닭고기 간 20%, 닭고기 육즙 10%, 해바라기 오일 0.1%, 미네랄, 연어오일 0.1%, 비타민E 20mg, 망간, 타우린 800mg.",
        "성분구성": "조단백 10.5%이상, 조지방 10%이상, 조섬유 0.5%이하, 조회분 2.5%이하, 수분 77%이하, 칼슘 0.41%이상, 인 0.28%이상, 칼로리(ME)=126kcal/100g",
        "현재 재고 수량": "8개",
        "소비자 상담 전화": "마마캣 고객센터 (1544-6141)",
        "제품 포장 유형": "플라스틱 캔"
    },
    {
        "id": 129,
        "name": "내추로 캣 주식캔 참치 85g",
        "image": "https://mamacat.co.kr/web/product/big/20200623/100985c617ebe4b4aa8909c04471f956.jpg",
        "가격정책": "마마캣 회원등급 할인 상품",
        "유통기한": "2022.11.23.",
        "정상 소비자가": "3,000원",
        "마마캣 판매가": "2,830원",
        "가장 높은 회원등급 할인 적용시 구매가": "2,690원 (최대 140원 할인)",
        "원산지": "영국",
        "제조자 | 수입자": "John Mackle Ltd. | ㈜펫쓰리엘",
        "사용 연령": "전연령 (3개월 이후)",
        "100g 가격": "3,329원",
        "포장단위별 용량, 수량": "85g",
        "법에 의한 인증 및 허가": "사료관리법에 따른 수입신고를 필함",
        "원료구성": "참치 26%, 닭고기 24%, 닭고기 간 20%, 닭고기 육즙 10%, 해바라기 오일 0.1%, 미네랄, 연어오일 0.1%, 비타민E 20mg, 망간, 타우린 800mg.",
        "성분구성": "조단백 10.5%이상, 조지방 10%이상, 조섬유 0.5%이하, 조회분 2.5%이하, 수분 77%이하, 칼슘 0.41%이상, 인 0.28%이상, 칼로리(ME)=126kcal/100g",
        "현재 재고 수량": "13개",
        "소비자 상담 전화": "마마캣 고객센터 (1544-6141)",
        "제품 포장 유형": "플라스틱 캔",
        "제품 보관방법": "직사광선이 없고 건조하며 서늘한곳에 보관"
    },
    {
        "id": 130,
        "name": "내추로 캣 주식캔 칠면조 85g × 8개",
        "image": "https://mamacat.co.kr/web/product/big/202010/eda5ebd2e1f3da2850e4d6f733333a7f.png",
        "가격정책": "마마캣 회원등급 할인 상품",
        "유통기한": "2022.03.03.",
        "정상 소비자가": "24,000원",
        "마마캣 판매가": "21,280원",
        "가장 높은 회원등급 할인 적용시 구매가": "20,220원 (최대 1,060원 할인)",
        "원산지": "영국",
        "제조자 | 수입자": "John Mackle Ltd. | ㈜펫쓰리엘",
        "사용 연령": "전연령 (3개월 이후)",
        "100g 가격": "3129원",
        "포장단위별 용량, 수량": "85g × 8개",
        "법에 의한 인증 및 허가": "사료관리법에 따른 수입신고를 필함",
        "원료구성": "칠면조 36%, 닭고기 34%, 닭고기 육즙 10%, 해바라기 오일 0.1%, 미네랄, 연어 오일 0.1%, 비타민E 20mg, 망간, 타우린 800mg.",
        "성분구성": "조단백 10.5%이상, 조지방 10%이상, 조섬유 0.5%이하, 조회분 2.5%이하, 수분 77%이하, 칼슘 0.51%이상, 인 0.27%이상, 칼로리(ME)=117kcal/100g",
        "현재 재고 수량": "13개",
        "소비자 상담 전화": "마마캣 고객센터 (1544-6141)",
        "제품 포장 유형": "플라스틱 캔"
    },
    {
        "id": 131,
        "name": "내추로 캣 주식캔 칠면조 85g",
        "image": "https://mamacat.co.kr/web/product/big/20200623/6b06fafd9ee387f6baef1d3b02546fde.jpg",
        "가격정책": "마마캣 회원등급 할인 상품",
        "유통기한": "2022.03.03.",
        "정상 소비자가": "3,000원",
        "마마캣 판매가": "2,830원",
        "가장 높은 회원등급 할인 적용시 구매가": "2,690원 (최대 140원 할인)",
        "원산지": "영국",
        "제조자 | 수입자": "John Mackle Ltd. | ㈜펫쓰리엘",
        "사용 연령": "전연령 (3개월 이후)",
        "100g 가격": "3,329원",
        "포장단위별 용량, 수량": "85g",
        "법에 의한 인증 및 허가": "사료관리법에 따른 수입신고를 필함",
        "원료구성": "칠면조 36%, 닭고기 34%, 닭고기 육즙 10%, 해바라기 오일 0.1%, 미네랄, 연어 오일 0.1%, 비타민E 20mg, 망간, 타우린 800mg.",
        "성분구성": "조단백 10.5%이상, 조지방 10%이상, 조섬유 0.5%이하, 조회분 2.5%이하, 수분 77%이하, 칼슘 0.51%이상, 인 0.27%이상, 칼로리(ME)=117kcal/100g",
        "현재 재고 수량": "22개",
        "소비자 상담 전화": "마마캣 고객센터 (1544-6141)",
        "제품 포장 유형": "플라스틱 캔",
        "제품 보관방법": "직사광선이 없고 건조하며 서늘한곳에 보관"
    },
    {
        "id": 132,
        "name": "네이처스 로직 캣 치킨 1.5kg",
        "image": "https://mamacat.co.kr/web/product/big/20191118/99f5b02d37ff2da165f5d86642d0187f.jpg",
        "상품 간략설명": "전연령 | 홀리스틱 (1866원/100g당)",
        "가격정책": "마마캣 회원등급 할인 상품",
        "유통기한": "2022.10.28",
        "박집사 한마디": "2017년 리뷰스닷컴 최고의 고양이 사료 리스트에서 최종 36개 브랜드 중 하나로 이름을 올린 네이처스 로직입니다 :)",
        "사료등급": "홀리스틱",
        "정상 소비자가": "28,000원",
        "마마캣 판매가": "28,000원",
        "가장 높은 회원등급 할인 적용시 구매가": "26,600원 (최대 1,400원 할인)",
        "원산지": "미국",
        "제조자 | 수입자": "펫로드스타컴퍼니",
        "사용 연령": "전연령 (3개월 이상)",
        "100g 가격": "1866원",
        "포장단위별 용량, 수량": "1.5kg",
        "법에 의한 인증 및 허가": "사료관리법에 따른 수입신고를 필함",
        "원료구성": "건조 닭고기, 미에(조), 닭기름 (혼합 토코페롤 함유), 호박씨, 효모 배양물, 분무 건조 닭 간, 건조 계란, 자주개자리, 몬모릴로나이트, 건조 다시마, 분무 건조 새끼 양고기 플라즈마, 건조 토마토, 아몬드, 건조 치커리 뿌리, 건조 당근, 등 (상세페이지 참고)",
        "성분구성": "조단백질 39.9%, 조지방 22.2%, 조섬유 4.63%, 칼슘 2.12%, 인 1.3%, 칼로리 약 395.5kcal/100g",
        "현재 재고 수량": "3개",
        "소비자 상담 전화": "마마캣 고객센터 (1544-6141)",
        "제품 포장 유형": "통포장 (지퍼 없음)"
    },
    {
        "id": 133,
        "name": "네이처스 로직 캣 치킨 7kg",
        "image": "https://mamacat.co.kr/web/product/big/20191118/330c07ffcc86f160c090b11c70e8828a.jpg",
        "상품 간략설명": "전연령 | 홀리스틱 (1271원/100g당)",
        "가격정책": "마마캣 회원등급 할인 상품",
        "유통기한": "2022.06.25.",
        "박집사 한마디": "2017년 리뷰스닷컴 최고의 고양이 사료 리스트에서 최종 36개 브랜드 중 하나로 이름을 올린 네이처스 로직입니다 :)",
        "사료등급": "홀리스틱",
        "정상 소비자가": "89,000원",
        "마마캣 판매가": "89,000원",
        "가장 높은 회원등급 할인 적용시 구매가": "84,550원 (최대 4,450원 할인)",
        "원산지": "미국",
        "제조자 | 수입자": "펫로드스타컴퍼니",
        "사용 연령": "전연령 (3개월 이상)",
        "100g 가격": "1271원",
        "포장단위별 용량, 수량": "7kg",
        "법에 의한 인증 및 허가": "사료관리법에 따른 수입신고를 필함",
        "원료구성": "건조 닭고기, 미에(조), 닭기름 (혼합 토코페롤 함유), 호박씨, 효모 배양물, 분무 건조 닭 간, 건조 계란, 자주개자리, 몬모릴로나이트, 건조 다시마, 분무 건조 새끼 양고기 플라즈마, 건조 토마토, 아몬드, 건조 치커리 뿌리, 건조 당근, 등 (상세페이지 참고)",
        "성분구성": "조단백질 39.9%, 조지방 22.2%, 조섬유 4.63%, 칼슘 2.12%, 인 1.3%, 칼로리 약 395.5kcal/100g",
        "현재 재고 수량": "3개",
        "소비자 상담 전화": "마마캣 고객센터 (1544-6141)",
        "제품 포장 유형": "통포장 (지퍼 없음)"
    },
    {
        "id": 134,
        "name": "네이처스 버라이어티 생식본능 캣 BE 내추럴 치킨&현미 캣 키블 1kg",
        "image": "https://mamacat.co.kr/web/product/big/202007/132a002df343abf0a48ee807d6baa2f7.jpg",
        "상품 간략설명": "전연령 | 홀리스틱 (1600원/100g당)",
        "가격정책": "최저마진",
        "유통기한": "2022.05.25.",
        "박집사 한마디": "2020년 7월 출시되었지만 생식본능의 스테디셀러가 될 사료입니다.",
        "사료등급": "홀리스틱",
        "정상 소비자가": "25,000원",
        "마마캣 판매가": "16,000원",
        "원산지": "미국",
        "제조자 | 수입자": "Nature's Variety, Inc. | (주)한국네이처스버라이어티",
        "사용 연령": "전연령 (3개월 이상)",
        "100g 가격": "1,600원",
        "포장단위별 용량, 수량": "1kg",
        "법에 의한 인증 및 허가": "사료관리법에 따른 수입신고를 필함",
        "원료구성": "닭고기, 닭육분, 칠면조육분, 현미, 보리, 귀리, 닭 지방(혼합 토코페롤과 구연산으로 보존), 건조 알팔파밀, 빻은 아마씨, 천연 향료, 당근, 사과, 블루베리, 크랜베리, 염화콜린, 비타민 등",
        "성분구성": "조단백질 36%이상, 조지방 18%이상, 조섬유 4%이하, 수분 9%이하, 조회분 11.4%이하, 칼슘 1.9%이상, 인 1.2%이상",
        "현재 재고 수량": "11개",
        "소비자 상담 전화": "마마캣 고객센터 (1544-6141)",
        "제품 포장 유형": "통포장 (지퍼팩 있음)"
    },
    {
        "id": 135,
        "name": "네이처스 버라이어티 생식본능 캣 BE 내추럴 치킨&현미 캣 키블 6kg",
        "image": "https://mamacat.co.kr/web/product/big/202007/3573be40cc9e5c24105a1a4af3d9e998.jpg",
        "상품 간략설명": "전연령 | 홀리스틱 (900원/100g당)",
        "가격정책": "최저마진",
        "유통기한": "2022.05.25",
        "박집사 한마디": "2020년 7월 출시되었지만 생식본능의 스테디셀러가 될 사료입니다.",
        "사료등급": "홀리스틱",
        "정상 소비자가": "68,000원",
        "마마캣 판매가": "54,000원",
        "원산지": "미국",
        "제조자 | 수입자": "Nature's Variety, Inc. | (주)한국네이처스버라이어티",
        "사용 연령": "전연령 (3개월 이상)",
        "100g 가격": "900원",
        "포장단위별 용량, 수량": "6kg",
        "법에 의한 인증 및 허가": "사료관리법에 따른 수입신고를 필함",
        "원료구성": "닭고기, 닭육분, 칠면조육분, 현미, 보리, 귀리, 닭 지방(혼합 토코페롤과 구연산으로 보존), 건조 알팔파밀, 빻은 아마씨, 천연 향료, 당근, 사과, 블루베리, 크랜베리, 염화콜린, 비타민 등",
        "성분구성": "조단백질 36%이상, 조지방 18%이상, 조섬유 4%이하, 수분 9%이하, 조회분 11.4%이하, 칼슘 1.9%이상, 인 1.2%이상",
        "현재 재고 수량": "4개",
        "소비자 상담 전화": "마마캣 고객센터 (1544-6141)",
        "제품 포장 유형": "통포장 (지퍼팩 있음)"
    },
    {
        "id": 136,
        "name": "네이처스 버라이어티 생식본능 캣 RBK 인도어 치킨 2.2kg",
        "image": "https://mamacat.co.kr/web/product/big/20191118/d6498a8ff50c1f78757ccd522483a8fa.jpg",
        "상품 간략설명": "전연령 | 홀리스틱 (2134원/100g당)",
        "가격정책": "최저마진",
        "유통기한": "2022.08.04.",
        "박집사 한마디": "동결건조 생식이 섞여있는 사료입니다. 실내 생활로 운동량이 부족한 고양이들에게 적합합니다. 기호성도 훌륭합니다 :)",
        "사료등급": "홀리스틱",
        "정상 소비자가": "60,000원",
        "마마캣 판매가": "46,940원",
        "원산지": "미국",
        "제조자 | 수입자": "Nature's Variety, Inc. | (주)한국네이처스버라이어티",
        "사용 연령": "전연령 (3개월 이상)",
        "100g 가격": "2134원",
        "포장단위별 용량, 수량": "2.2kg",
        "법에 의한 인증 및 허가": "사료관리법에 따른 수입신고를 필함",
        "원료구성": "닭고기밀, 칠면조고기밀, 타피오카, 닭고기, 청어밀, 병아리콩, 완두콩단백질, 완두콩, 닭지방, 천연향료, 건조 토마토, 동결건조 칠면조고기, 동결건조 닭고기(뼈포함), 프룩토올리고당, 알팔파밀, 동결건조 칠면조 간, 호박씨, 비타민류, 등 (상세페이지 참고)",
        "성분구성": "조단백 37.5% 이상, 조지방 13.0% 이상, 조섬유 5.0% 이하, 수분 9.0% 이하, 칼슘 2%이상, 인 1.4%이상, 칼륨 0.9%이하, 나트륨 0.6%이하, 마그네슘 0.1%이하",
        "현재 재고 수량": "7개",
        "소비자 상담 전화": "마마캣 고객센터 (1544-6141)",
        "제품 포장 유형": "통포장 (지퍼팩 있음)"
    },
    {
        "id": 137,
        "name": "네이처스 버라이어티 생식본능 캣 RBK 치킨 2.2kg",
        "image": "https://mamacat.co.kr/web/product/big/20191118/5fbaf203b9b338b3f6545111eadc2081.jpg",
        "상품 간략설명": "전연령 | 홀리스틱 (2134원/100g당)",
        "가격정책": "최저마진",
        "유통기한": "2022.06.01.",
        "박집사 한마디": "고단백질 사료에 동결건조 생식을 섞어 기호성이 더 좋아졌어요 :) 장 건강과 면역에 좋은 프리바이오틱스가 함유되어 있는 사료입니다.",
        "사료등급": "홀리스틱",
        "정상 소비자가": "60,000원",
        "마마캣 판매가": "46,940원",
        "원산지": "미국",
        "제조자 | 수입자": "Nature's Variety, Inc. | (주)한국네이처스버라이어티",
        "사용 연령": "전연령 (3개월 이상)",
        "100g 가격": "2134원",
        "포장단위별 용량, 수량": "2.2kg",
        "법에 의한 인증 및 허가": "사료관리법에 따른 수입신고를 필함",
        "원료구성": "닭고기밀, 닭지방, 타피오카, 닭고기, 청어밀, 토마토 박, 알팔파밀, 동결건조 칠면조고기, 천연향료, 동결건조 닭고기, 동결건조 칠면조 간, 호박씨, 염화칼륨, 몬모릴로나이트점토, 염화콜린, DL-메티오닌, 당근, 사과, 크랜베리, 소금, 등 (상세페이지 참고)",
        "성분구성": "조단백 43%, 조지방 20%, 조섬유 3.5%, 수분 9.0%, 칼슘 3.4%, 인 2.1%, 칼륨 0.7%, 나트륨 0.9%, 마그네슘 0.1%, 구리 15.9mg/kg, 아연 120mg/kg, 셀렌 0.6mg/kg, 비타민A 18,000IU/kg, 비타민E 120IU/kg, 비타민C 100mg/kg, 오메가3 0.5%, 오메가6 3.5% 등",
        "현재 재고 수량": "5개",
        "소비자 상담 전화": "마마캣 고객센터 (1544-6141)",
        "제품 포장 유형": "통포장 (지퍼팩 있음)"
    },
    {
        "id": 138,
        "name": "네이처스 버라이어티 생식본능 캣 RBK 치킨 4.5kg",
        "image": "https://mamacat.co.kr/web/product/big/20191118/2c2b6ba006f66530c27e1c2068d354a5.jpg",
        "상품 간략설명": "전연령 | 홀리스틱 (1709원/100g당)",
        "가격정책": "최저마진",
        "유통기한": "2022.03.10.",
        "박집사 한마디": "고단백질 사료에 동결건조 생식을 섞어 기호성이 더 좋아졌어요 :) 장 건강과 면역에 좋은 프리바이오틱스가 함유되어 있는 사료입니다.",
        "사료등급": "홀리스틱",
        "정상 소비자가": "99,000원",
        "마마캣 판매가": "76,920원",
        "원산지": "미국",
        "제조자 | 수입자": "Nature's Variety, Inc. | (주)한국네이처스버라이어티",
        "사용 연령": "전연령 (3개월 이상)",
        "100g 가격": "1709원",
        "포장단위별 용량, 수량": "4.5kg",
        "법에 의한 인증 및 허가": "사료관리법에 따른 수입신고를 필함",
        "원료구성": "닭고기밀, 닭지방, 타피오카, 닭고기, 청어밀, 토마토 박, 알팔파밀, 동결건조 칠면조고기, 천연향료, 동결건조 닭고기, 동결건조 칠면조 간, 호박씨, 염화칼륨, 몬모릴로나이트점토, 염화콜린, DL-메티오닌, 당근, 사과, 크랜베리, 소금, 등 (상세페이지 참고)",
        "성분구성": "조단백 43%, 조지방 20%, 조섬유 3.5%, 수분 9.0%, 칼슘 3.4%, 인 2.1%, 칼륨 0.7%, 나트륨 0.9%, 마그네슘 0.1%, 구리 15.9mg/kg, 아연 120mg/kg, 셀렌 0.6mg/kg, 비타민A 18,000IU/kg, 비타민E 120IU/kg, 비타민C 100mg/kg, 오메가3 0.5%, 오메가6 3.5% 등",
        "현재 재고 수량": "2개",
        "소비자 상담 전화": "마마캣 고객센터 (1544-6141)",
        "제품 포장 유형": "통포장 (지퍼팩 있음)"
    },
    {
        "id": 139,
        "name": "네이처스 버라이어티 생식본능 캣 RBK 헬시웨이트 2kg",
        "image": "https://mamacat.co.kr/web/product/big/20191118/dac8e1c92c62fbc7f98c94bce8866c8a.jpg",
        "상품 간략설명": "전연령 | 홀리스틱 (2347원/100g당)",
        "가격정책": "최저마진",
        "유통기한": "2022.05.",
        "박집사 한마디": "동결건조 생식이 섞여 있습니다. L-카르니틴이 함유되어 지방 연소에 도움이 됩니다 :)",
        "사료등급": "홀리스틱",
        "정상 소비자가": "60,000원",
        "마마캣 판매가": "46,940원",
        "원산지": "미국",
        "제조자 | 수입자": "Nature's Variety, Inc. | (주)한국네이처스버라이어티",
        "사용 연령": "전연령 (3개월 이상)",
        "100g 가격": "2347원",
        "포장단위별 용량, 수량": "2kg",
        "법에 의한 인증 및 허가": "사료관리법에 따른 수입신고를 필함",
        "원료구성": "닭고기밀, 병아리콩, 완두콩, 닭고기, 청어밀, 백색어분(태평양 대구, 가자미, 우럭), 타피오카, 닭지방, 토마토 박, 몬모릴로나이트 점토, 동결건조 칠면조고기, 천연향료, 동결건조 닭고기(뼈포함), 동결건조 칠면조 간, 호박씨, 염화칼륨, 등 (상세페이지 참고)",
        "성분구성": "조단백 37.5% 이상, 조지방 12.0% 이상, 조섬유 5.5% 이하, 조회분 14.0%이하, 수분 9.0% 이하, 칼슘 2.0%이상, 인 1.0%이상, 칼로리 약 371Kcal/100g",
        "현재 재고 수량": "4개",
        "소비자 상담 전화": "마마캣 고객센터 (1544-6141)",
        "제품 포장 유형": "통포장 (지퍼팩 있음)"
    },
    {
        "id": 140,
        "name": "네이처스 버라이어티 생식본능 캣 그레인프리 LID연어 2kg",
        "image": "https://mamacat.co.kr/web/product/big/20191118/d05527561882aac8f36a4e4178497590.jpg",
        "상품 간략설명": "전연령 | 홀리스틱 (2950원/100g당)",
        "가격정책": "최저마진",
        "유통기한": "2022.05.06.",
        "박집사 한마디": "연어 단일 단백질원 그레인프리 사료로 알레르기 발생을 최소화했습니다. 오메가 지방산을 포함하여 피모개선에도 도움이 됩니다 :)",
        "사료등급": "홀리스틱",
        "정상 소비자가": "65,000원",
        "마마캣 판매가": "59,000원",
        "원산지": "미국",
        "제조자 | 수입자": "Nature's Variety, Inc. | (주)한국네이처스버라이어티",
        "사용 연령": "전연령 (3개월 이상)",
        "100g 가격": "2950원",
        "포장단위별 용량, 수량": "2kg",
        "법에 의한 인증 및 허가": "사료관리법에 따른 수입신고를 필함",
        "원료구성": "연어어분,완두콩,타피오카,카놀라오일,연어,천연향료,코코넛오일,몬모릴로나이트점토,소금,염화칼륨,비타민,미네랄,염화콜린,동결건조대구,타우린,로즈메리 추출물",
        "성분구성": "조단백 37.5%이상, 지방 17.0%이상, 조섬유 3%이하, 수분 9% 이하 조회분 10.5%, 칼슘 1%, 인 1%",
        "현재 재고 수량": "5개",
        "소비자 상담 전화": "마마캣 고객센터 (1544-6141)",
        "제품 포장 유형": "통포장 (지퍼팩 있음)"
    },
    {
        "id": 141,
        "name": "네이처스 버라이어티 생식본능 캣 그레인프리 LID칠면조 2.2kg",
        "image": "https://mamacat.co.kr/web/product/big/20200319/764fcd61a8cd093936c2271572c65086.jpg",
        "상품 간략설명": "전연령 | 홀리스틱 (1868원/100g당)",
        "가격정책": "최저마진",
        "유통기한": "2022.07.14.",
        "박집사 한마디": "칠면조 단일 단백질원의 그레인프리 사료입니다. 칠면조는 알레르기 반응이 가장 적은 식재료 중 하나이기도 하죠 :) LID라인 중에선 칠면조가 최고라고 생각해요(제 생각에는..)",
        "사료등급": "홀리스틱",
        "정상 소비자가": "49,000원",
        "마마캣 판매가": "41,100원",
        "원산지": "미국",
        "제조자 | 수입자": "Nature's Variety, Inc. | (주)한국네이처스버라이어티",
        "사용 연령": "전연령 (3개월 이상)",
        "100g 가격": "1868원",
        "포장단위별 용량, 수량": "2.2kg",
        "법에 의한 인증 및 허가": "사료관리법에 따른 수입신고를 필함",
        "원료구성": "칠면조고기밀, 완두콩, 타피오카, 카놀라오일, 칠면조고기, 천연향료, 몬모릴로나이트점토, 코코넛오일, 염화칼륨, 소금, 비타민, 염화콜린, 미네랄, 메나디온중아황산나트륨, 타우린, 동결건조 칠면조고기, DL-메티오닌, 동결건조 칠면조간, 등 (상세페이지 참고)",
        "성분구성": "조단백 36.5%이상, 조지방 18.0%이상, 조섬유 2.5%이하, 수분 9% 이하, 칼슘 2.2%이상, 인 1.3%이상, 칼륨 0.8%이하, 나트륨 0.4%이하, 마그네슘 0.1%이하",
        "현재 재고 수량": "7개",
        "소비자 상담 전화": "마마캣 고객센터 (1544-6141)",
        "제품 포장 유형": "통포장 (지퍼팩 있음)"
    },
    {
        "id": 142,
        "name": "네이처스 버라이어티 생식본능 캣 그레인프리 LID칠면조 5kg",
        "image": "https://mamacat.co.kr/web/product/big/20200319/9067a994ee87026e43986c512689dea4.jpg",
        "상품 간략설명": "전연령 | 홀리스틱 (1474원/100g당)",
        "가격정책": "최저마진",
        "유통기한": "2022.05.05.",
        "박집사 한마디": "칠면조 단일 단백질원의 그레인프리 사료입니다. 칠면조는 알레르기 반응이 가장 적은 식재료 중 하나이기도 하죠 :) LID라인 중에선 칠면조가 최고라고 생각해요(제 생각에는..)",
        "사료등급": "홀리스틱",
        "정상 소비자가": "88,000원",
        "마마캣 판매가": "73,690원",
        "원산지": "미국",
        "제조자 | 수입자": "Nature's Variety, Inc. | (주)한국네이처스버라이어티",
        "사용 연령": "전연령 (3개월 이상)",
        "100g 가격": "1474원",
        "포장단위별 용량, 수량": "5kg",
        "법에 의한 인증 및 허가": "사료관리법에 따른 수입신고를 필함",
        "원료구성": "칠면조고기밀, 완두콩, 타피오카, 카놀라오일, 칠면조고기, 천연향료, 몬모릴로나이트점토, 코코넛오일, 염화칼륨, 소금, 비타민, 염화콜린, 미네랄, 메나디온중아황산나트륨, 타우린, 동결건조 칠면조고기, DL-메티오닌, 동결건조 칠면조간, 등 (상세페이지 참고)",
        "성분구성": "조단백 36.5%이상, 조지방 18.0%이상, 조섬유 2.5%이하, 수분 9% 이하, 칼슘 2.2%이상, 인 1.3%이상, 칼륨 0.8%이하, 나트륨 0.4%이하, 마그네슘 0.1%이하",
        "현재 재고 수량": "5개",
        "소비자 상담 전화": "마마캣 고객센터 (1544-6141)",
        "제품 포장 유형": "통포장 (지퍼팩 있음)"
    },
    {
        "id": 143,
        "name": "네이처스 버라이어티 생식본능 캣 그레인프리 LID토끼 2kg",
        "image": "https://mamacat.co.kr/web/product/big/20191118/b54ad71b20cd98527bf35dca65634b17.jpg",
        "상품 간략설명": "전연령 | 홀리스틱 (2522원/100g당)",
        "가격정책": "최저마진",
        "유통기한": "2022.07.",
        "박집사 한마디": "토끼고기 단일 단백질원을 활용하는 그레인프리 사료입니다. 알레르기를 최소화하기 위해 설계된 사료입니다 :)",
        "사료등급": "홀리스틱",
        "정상 소비자가": "65,000원",
        "마마캣 판매가": "50,430원",
        "원산지": "미국",
        "제조자 | 수입자": "Nature's Variety, Inc. | (주)한국네이처스버라이어티",
        "사용 연령": "전연령 (3개월 이상)",
        "100g 가격": "2522원",
        "포장단위별 용량, 수량": "2kg",
        "법에 의한 인증 및 허가": "사료관리법에 따른 수입신고를 필함",
        "원료구성": "토끼고기밀, 완두콩, 타피오카, 카놀라오일, 토끼고기, 천연향료, 코코넛오일, 몬모릴로나이트점토, 타우린, 염화콜린, 염화칼륨, 비타민, DL-메티오닌, 미네랄, 메나디온중아황산나트륨, 동결건조 토끼고기, 소금, 호박씨, 로즈메리 추출물",
        "성분구성": "조단백 35.0% 이상, 조지방 19.0% 이상, 조섬유 5.5% 이하, 수분 9.0% 이하, 칼슘 1.3%이상, 인 1.0%이상, 칼로리 약 389Kcal/100g",
        "현재 재고 수량": "5개",
        "소비자 상담 전화": "마마캣 고객센터 (1544-6141)",
        "제품 포장 유형": "통포장 (지퍼팩 있음)"
    },
    {
        "id": 144,
        "name": "네이처스 버라이어티 생식본능 캣 그레인프리 LID토끼 4.5kg",
        "image": "https://mamacat.co.kr/web/product/big/20191118/3a0e85cd7bd12b64be6f868e41e9cb57.jpg",
        "상품 간략설명": "전연령 | 홀리스틱 (2044원/100g당)",
        "가격정책": "최저마진",
        "유통기한": "2022.08.",
        "박집사 한마디": "토끼고기 단일 단백질원을 활용하는 그레인프리 사료입니다. 알레르기를 최소화하기 위해 설계된 사료입니다 :)",
        "사료등급": "홀리스틱",
        "정상 소비자가": "119,000원",
        "마마캣 판매가": "91,990원",
        "원산지": "미국",
        "제조자 | 수입자": "Nature's Variety, Inc. | (주)한국네이처스버라이어티",
        "사용 연령": "전연령 (3개월 이상)",
        "100g 가격": "2044원",
        "포장단위별 용량, 수량": "4.5kg",
        "법에 의한 인증 및 허가": "사료관리법에 따른 수입신고를 필함",
        "원료구성": "토끼고기밀, 완두콩, 타피오카, 카놀라오일, 토끼고기, 천연향료, 코코넛오일, 몬모릴로나이트점토, 타우린, 염화콜린, 염화칼륨, 비타민, DL-메티오닌, 미네랄, 메나디온중아황산나트륨, 동결건조 토끼고기, 소금, 호박씨, 로즈메리 추출물",
        "성분구성": "조단백 35.0% 이상, 조지방 19.0% 이상, 조섬유 5.5% 이하, 수분 9.0% 이하, 칼슘 1.3%이상, 인 1.0%이상, 칼로리 약 389Kcal/100g",
        "현재 재고 수량": "2개",
        "소비자 상담 전화": "마마캣 고객센터 (1544-6141)",
        "제품 포장 유형": "통포장 (지퍼팩 있음)"
    },
    {
        "id": 145,
        "name": "네이처스 버라이어티 생식본능 캣 그레인프리 얼티밋 프로틴 치킨 1.8kg",
        "image": "https://mamacat.co.kr/web/product/big/20191118/50394f4649a49a1d8cd87f68a7c7c7fd.jpg",
        "상품 간략설명": "성묘용 | 홀리스틱 (2859원/100g당)",
        "가격정책": "최저마진",
        "유통기한": "2022.09.15.",
        "박집사 한마디": "얼티밋 프로틴 치킨은 조단백질 47%에 달하는 고단백질 사료지만, 설사 잡기로 유명한 사료라는 사실! 단, 급여량을 천천히 늘리며 적응시켜야 해요 :)",
        "사료등급": "홀리스틱",
        "정상 소비자가": "58,000원",
        "마마캣 판매가": "51,470원",
        "원산지": "미국",
        "제조자 | 수입자": "Nature's Variety, Inc. | (주)한국네이처스버라이어티",
        "사용 연령": "성묘용 (12개월 이상)",
        "100g 가격": "2859원",
        "포장단위별 용량, 수량": "1.8kg",
        "법에 의한 인증 및 허가": "사료관리법에 따른 수입신고를 필함",
        "원료구성": "닭고기, 타피오카, 닭지방, 갈은아마씨, 천연향료, 건조 토마토박, 건조 농축 유청단백질, 인산이칼슘, 염화칼륨, 소금, 비타민, 몬모릴로나이트점토, 염화콜린, 미네랄, 메나디온중아황산나트륨, 타우린, 동결건조 닭고기, 동결건조 닭간, 등 (상세페이지 참고)",
        "성분구성": "조단백 47%이상, 조지방 17%이상, 조섬유 3%이하, 수분 10%이하, 칼슘 1.5%, 인 1.3%, 칼륨 0.7%, 나트륨 0.6%, 마그네슘 0.1%, 칼로리 약 447kcal/100g",
        "현재 재고 수량": "5개",
        "소비자 상담 전화": "마마캣 고객센터 (1544-6141)",
        "제품 포장 유형": "통포장 (지퍼팩 있음)"
    },
    {
        "id": 146,
        "name": "네이처스 버라이어티 생식본능 캣 그레인프리 얼티밋 프로틴 치킨 4.5kg",
        "image": "https://mamacat.co.kr/web/product/big/20191118/8fc028e6268f1fa850184a6f158f0abd.jpg",
        "상품 간략설명": "성묘용 | 홀리스틱 (1860원/100g당)",
        "가격정책": "최저마진",
        "유통기한": "2022.07.08.",
        "박집사 한마디": "얼티밋 프로틴 치킨은 조단백질 47%에 달하는 고단백질 사료지만, 설사 잡기로 유명한 사료라는 사실! 단, 급여량을 천천히 늘리며 적응시켜야 해요 :)",
        "사료등급": "홀리스틱",
        "정상 소비자가": "87,000원",
        "마마캣 판매가": "83,680원",
        "원산지": "미국",
        "제조자 | 수입자": "Nature's Variety, Inc. | (주)한국네이처스버라이어티",
        "사용 연령": "성묘용 (12개월 이상)",
        "100g 가격": "1860원",
        "포장단위별 용량, 수량": "4.5kg",
        "법에 의한 인증 및 허가": "사료관리법에 따른 수입신고를 필함",
        "원료구성": "닭고기, 타피오카, 닭지방, 갈은아마씨, 천연향료, 건조 토마토박, 건조 농축 유청단백질, 인산이칼슘, 염화칼륨, 소금, 비타민, 몬모릴로나이트점토, 염화콜린, 미네랄, 메나디온중아황산나트륨, 타우린, 동결건조 닭고기, 동결건조 닭간, 등 (상세페이지 참고)",
        "성분구성": "조단백 47%이상, 조지방 17%이상, 조섬유 3%이하, 수분 10%이하, 칼슘 1.5%, 인 1.3%, 칼륨 0.7%, 나트륨 0.6%, 마그네슘 0.1%, 칼로리 약 447kcal/100g",
        "현재 재고 수량": "7개",
        "소비자 상담 전화": "마마캣 고객센터 (1544-6141)",
        "제품 포장 유형": "통포장 (지퍼팩 있음)"
    },
    {
        "id": 147,
        "name": "네이처스 버라이어티 생식본능 캣 그레인프리 얼티밋 프로틴 치킨 800g",
        "image": "https://mamacat.co.kr/web/product/big/20191118/233e86712df0fa3109c3f9509299c67f.jpg",
        "상품 간략설명": "성묘용 | 홀리스틱 (3063원/100g당)",
        "가격정책": "최저마진",
        "유통기한": "2022.08.",
        "박집사 한마디": "얼티밋 프로틴 치킨은 조단백질 47%에 달하는 고단백질 사료지만, 설사 잡기로 유명한 사료라는 사실! 단, 급여량을 천천히 늘리며 적응시켜야 해요 :)",
        "사료등급": "홀리스틱",
        "정상 소비자가": "32,000원",
        "마마캣 판매가": "24,500원",
        "원산지": "미국",
        "제조자 | 수입자": "Nature's Variety, Inc. | (주)한국네이처스버라이어티",
        "사용 연령": "성묘용 (12개월 이상)",
        "100g 가격": "3063원",
        "포장단위별 용량, 수량": "800g",
        "법에 의한 인증 및 허가": "사료관리법에 따른 수입신고를 필함",
        "원료구성": "닭고기,타피오카,닭지방,마른 아마씨 등 (상세페이지 참고)",
        "성분구성": "조단백 47%이상, 조지방 17%이상, 조섬유 3%이하, 수분 10%이하, 칼슘 1.5%, 인 1.3%, 칼륨 0.7%, 나트륨 0.6%, 마그네슘 0.1%, 칼로리 약 447kcal/100g",
        "현재 재고 수량": "3개",
        "소비자 상담 전화": "마마캣 고객센터 (1544-6141)",
        "제품 포장 유형": "통포장 (지퍼팩 있음)"
    },
    {
        "id": 148,
        "name": "네이처스 버라이어티 생식본능 캣 그레인프리 연어 2kg",
        "image": "https://mamacat.co.kr/web/product/big/20200319/16c4184766fd12008483453d31393d9f.jpg",
        "상품 간략설명": "전연령 | 홀리스틱 (2226원/100g당)",
        "가격정책": "최저마진",
        "유통기한": "2022.06.",
        "박집사 한마디": "네이처스 버라이어티는 역시 고양이 영양학 좀 배우신 분들 같아요. 그레인프리+ 고단백질의 완성도 높은 포뮬러에 소화흡수율까지 좋은 사료 :)",
        "사료등급": "홀리스틱",
        "정상 소비자가": "54,000원",
        "마마캣 판매가": "44,520원",
        "원산지": "미국",
        "제조자 | 수입자": "Nature's Variety, Inc. | (주)한국네이처스버라이어티",
        "사용 연령": "전연령 (3개월 이상)",
        "100g 가격": "2226원",
        "포장단위별 용량, 수량": "2kg",
        "법에 의한 인증 및 허가": "사료관리법에 따른 수입신고를 필함",
        "원료구성": "연어, 멘헤이든생선어분, 흰샐생선어분, 청어밀, 완두콩, 카놀라오일, 연어밀, 타피오카, 천연향료, 알팔파밀, 몬모릴로나이트점토, 비타민, 메나디온중아황산나트륨, 당근, 사과, 크랜베리, 미네랄, 염화콜린, 타우린, 동결건조 대구, 염화칼륨, 등 (상세페이지 참고)",
        "성분구성": "조단백 43.0% 이상, 조지방 18.0% 이상, 조섬유 3.0% 미만, 수분 9.0% 미만, 칼슘2.7%, 인 1.8%, 칼륨 0.8%, 나트륨 0.6%, 마그네슘 0.2%, 칼로리=447kcal/100g",
        "현재 재고 수량": "6개",
        "소비자 상담 전화": "마마캣 고객센터 (1544-6141)",
        "제품 포장 유형": "통포장 (지퍼팩 있음)"
    },
    {
        "id": 149,
        "name": "네이처스 버라이어티 생식본능 캣 그레인프리 연어 4.5kg",
        "image": "https://mamacat.co.kr/web/product/big/20200319/16c4184766fd12008483453d31393d9f.jpg",
        "상품 간략설명": "전연령 | 홀리스틱 (1736원/100g당)",
        "가격정책": "최저마진",
        "유통기한": "2022.07.",
        "박집사 한마디": "네이처스 버라이어티는 역시 고양이 영양학 좀 배우신 분들 같아요. 그레인프리+ 고단백질의 완성도 높은 포뮬러에 소화흡수율까지 좋은 사료 :)",
        "사료등급": "홀리스틱",
        "정상 소비자가": "54,000원",
        "마마캣 판매가": "78,120원",
        "원산지": "미국",
        "제조자 | 수입자": "Nature's Variety, Inc. | (주)한국네이처스버라이어티",
        "사용 연령": "전연령 (3개월 이상)",
        "100g 가격": "1736원",
        "포장단위별 용량, 수량": "4.5kg",
        "법에 의한 인증 및 허가": "사료관리법에 따른 수입신고를 필함",
        "원료구성": "연어, 멘헤이든생선어분, 흰샐생선어분, 청어밀, 완두콩, 카놀라오일, 연어밀, 타피오카, 천연향료, 알팔파밀, 몬모릴로나이트점토, 비타민, 메나디온중아황산나트륨, 당근, 사과, 크랜베리, 미네랄, 염화콜린, 타우린, 동결건조 대구, 염화칼륨, 등 (상세페이지 참고)",
        "성분구성": "조단백 43.0% 이상, 조지방 18.0% 이상, 조섬유 3.0% 미만, 수분 9.0% 미만, 칼슘2.7%, 인 1.8%, 칼륨 0.8%, 나트륨 0.6%, 마그네슘 0.2%, 칼로리=447kcal/100g",
        "현재 재고 수량": "3개",
        "소비자 상담 전화": "마마캣 고객센터 (1544-6141)",
        "제품 포장 유형": "통포장 (지퍼팩 있음)"
    },
    {
        "id": 150,
        "name": "네이처스 버라이어티 생식본능 캣 그레인프리 오리 2kg",
        "image": "https://mamacat.co.kr/web/product/big/20200319/33c07c02374e8d1305ae6bda243e183d.jpg",
        "상품 간략설명": "전연령 | 홀리스틱 (2075원/100g당)",
        "가격정책": "최저마진",
        "유통기한": "2022.05.18.",
        "박집사 한마디": "네이처스 버라이어티는 역시 고양이 영양학 좀 배우신 분들 같아요. 그레인프리+ 고단백질의 완성도 높은 포뮬러에 소화흡수율까지 좋은 사료 :)",
        "사료등급": "홀리스틱",
        "정상 소비자가": "55,000원",
        "마마캣 판매가": "41,490원",
        "원산지": "미국",
        "제조자 | 수입자": "Nature's Variety, Inc. | (주)한국네이처스버라이어티",
        "사용 연령": "전연령 (3개월 이상)",
        "100g 가격": "2075원",
        "포장단위별 용량, 수량": "2kg",
        "법에 의한 인증 및 허가": "사료관리법에 따른 수입신고를 필함",
        "원료구성": "오리고기, 칠면조고기밀, 닭고기밀, 멘헤이든생선어분, 닭고기기름, 타피오카, 완두콩가루, 계란, 천연닭고기향, 토마토박, 몬모릴로나이트, DL-메싸이오닌, 비타민, 소금, 건조다시마, 타우린, 이눌린, 크랜베리, 당근, 블루베리, 사과, 등 (상세페이지 참고)",
        "성분구성": "조단백 41.0% 이상, 조지방 21.5% 이상, 조섬유 3.5%이하, 수분 9.0% 이하, 칼슘 2.9%, 인 1.8%, 칼륨 0.7%, 나트륨 0.6%, 마그네슘 0.1%, 칼로리=444kcal/100g",
        "현재 재고 수량": "4개",
        "소비자 상담 전화": "마마캣 고객센터 (1544-6141)",
        "제품 포장 유형": "통포장 (지퍼팩 있음)"
    },
    {
        "id": 151,
        "name": "네이처스 버라이어티 생식본능 캣 그레인프리 오리 4.5kg",
        "image": "https://mamacat.co.kr/web/product/big/20200319/bfc24893d9f200a4f87b2961863dc900.jpg",
        "상품 간략설명": "전연령 | 홀리스틱 (1708원/100g당)",
        "가격정책": "최저마진",
        "유통기한": "2022.05.18.",
        "박집사 한마디": "네이처스 버라이어티는 역시 고양이 영양학 좀 배우신 분들 같아요. 그레인프리+ 고단백질의 완성도 높은 포뮬러에 소화흡수율까지 좋은 사료 :)",
        "사료등급": "홀리스틱",
        "정상 소비자가": "89,000원",
        "마마캣 판매가": "76,840원",
        "원산지": "미국",
        "제조자 | 수입자": "Nature's Variety, Inc. | (주)한국네이처스버라이어티",
        "사용 연령": "전연령 (3개월 이상)",
        "100g 가격": "1708원",
        "포장단위별 용량, 수량": "4.5kg",
        "법에 의한 인증 및 허가": "사료관리법에 따른 수입신고를 필함",
        "원료구성": "오리고기, 칠면조고기밀, 닭고기밀, 멘헤이든생선어분, 닭고기기름, 타피오카, 완두콩가루, 계란, 천연닭고기향, 토마토박, 몬모릴로나이트, DL-메싸이오닌, 비타민, 소금, 건조다시마, 타우린, 이눌린, 크랜베리, 당근, 블루베리, 사과, 등 (상세페이지 참고)",
        "성분구성": "조단백 41.0% 이상, 조지방 21.5% 이상, 조섬유 3.5%이하, 수분 9.0% 이하, 칼슘 2.9%, 인 1.8%, 칼륨 0.7%, 나트륨 0.6%, 마그네슘 0.1%, 칼로리=444kcal/100g",
        "현재 재고 수량": "2개",
        "소비자 상담 전화": "마마캣 고객센터 (1544-6141)",
        "제품 포장 유형": "통포장 (지퍼팩 있음)"
    },
    {
        "id": 152,
        "name": "네이처스 버라이어티 생식본능 캣 그레인프리 치킨 1kg",
        "image": "https://mamacat.co.kr/web/product/big/20200319/2558d59edbc54a9dba9b61aba0ea7dc1.jpg",
        "상품 간략설명": "전연령 | 홀리스틱 (2072원/100g당)",
        "가격정책": "최저마진",
        "유통기한": "2022.05.26.",
        "박집사 한마디": "두말하면 입 아파요. 네이처스 버라이어티 생식본능의 스테디셀러!!",
        "사료등급": "홀리스틱",
        "정상 소비자가": "26,000원",
        "마마캣 판매가": "20,720원",
        "원산지": "미국",
        "제조자 | 수입자": "Nature's Variety, Inc. | (주)한국네이처스버라이어티",
        "사용 연령": "전연령 (3개월 이상)",
        "100g 가격": "2072원",
        "포장단위별 용량, 수량": "1kg",
        "법에 의한 인증 및 허가": "사료관리법에 따른 수입신고를 필함",
        "원료구성": "닭고기, 닭고기밀, 칠면조고기밀, 멘헤이든생선어분, 완두콩, 닭지방, 타피오카, 천연향료, 건조 토마토박, 흰살생선어분, 소금, 비타민, 몬모릴로나이트점토, 당근, 사과, 크랜베리, 염화콜린, 염화칼륨, 미네랄, 메나디온중아황산나트륨, 등 (상세페이지 참고)",
        "성분구성": "조단백 43.0% 이상, 조지방 19.5% 이상, 조섬유 3.0% 이하, 수분 9.0% 이하, 칼슘 3.4%, 인 2.1%, 칼륨 0.7%, 나트륨 0.9%, 마그네슘 0.1%, 칼로리=415kcal/100g",
        "현재 재고 수량": "3개",
        "소비자 상담 전화": "마마캣 고객센터 (1544-6141)",
        "제품 포장 유형": "통포장 (지퍼팩 있음)"
    },
    {
        "id": 153,
        "name": "네이처스 버라이어티 생식본능 캣 그레인프리 치킨 2.2kg",
        "image": "https://mamacat.co.kr/web/product/big/20200319/71eb57469db06eb158854d62dece7cbd.jpg",
        "상품 간략설명": "전연령 | 홀리스틱 (1805원/100g당)",
        "가격정책": "최저마진",
        "유통기한": "2022.04.28.",
        "박집사 한마디": "두말하면 입 아파요. 네이처스 버라이어티 생식본능의 스테디셀러!!",
        "사료등급": "홀리스틱",
        "정상 소비자가": "46,000원",
        "마마캣 판매가": "39,720원",
        "원산지": "미국",
        "제조자 | 수입자": "Nature's Variety, Inc. | (주)한국네이처스버라이어티",
        "사용 연령": "전연령 (3개월 이상)",
        "100g 가격": "1805원",
        "포장단위별 용량, 수량": "2.2kg",
        "법에 의한 인증 및 허가": "사료관리법에 따른 수입신고를 필함",
        "원료구성": "닭고기, 닭고기밀, 칠면조고기밀, 멘헤이든생선어분, 완두콩, 닭지방, 타피오카, 천연향료, 건조 토마토박, 흰살생선어분, 소금, 비타민, 몬모릴로나이트점토, 당근, 사과, 크랜베리, 염화콜린, 염화칼륨, 미네랄, 메나디온중아황산나트륨, 등 (상세페이지 참고)",
        "성분구성": "조단백 43.0% 이상, 조지방 19.5% 이상, 조섬유 3.0% 이하, 수분 9.0% 이하, 칼슘 3.4%, 인 2.1%, 칼륨 0.7%, 나트륨 0.9%, 마그네슘 0.1%, 칼로리=415kcal/100g",
        "현재 재고 수량": "8개",
        "소비자 상담 전화": "마마캣 고객센터 (1544-6141)",
        "제품 포장 유형": "통포장 (지퍼팩 있음)"
    },
    {
        "id": 154,
        "name": "네이처스 버라이어티 생식본능 캣 그레인프리 치킨 5kg",
        "image": "https://mamacat.co.kr/web/product/big/20200319/561a299a8c6d6e6c6f33f5f7fa5baa56.jpg",
        "상품 간략설명": "전연령 | 홀리스틱 (1297원/100g당)",
        "가격정책": "최저마진",
        "유통기한": "2022.06.01.",
        "박집사 한마디": "두말하면 입 아파요. 네이처스 버라이어티 생식본능의 스테디셀러!!",
        "사료등급": "홀리스틱",
        "정상 소비자가": "79,000원",
        "마마캣 판매가": "64,850원",
        "원산지": "미국",
        "제조자 | 수입자": "Nature's Variety, Inc. | (주)한국네이처스버라이어티",
        "사용 연령": "전연령 (3개월 이상)",
        "100g 가격": "1297원",
        "포장단위별 용량, 수량": "5kg",
        "법에 의한 인증 및 허가": "사료관리법에 따른 수입신고를 필함",
        "원료구성": "닭고기, 닭고기밀, 칠면조고기밀, 멘헤이든생선어분, 완두콩, 닭지방, 타피오카, 천연향료, 건조 토마토박, 흰살생선어분, 소금, 비타민, 몬모릴로나이트점토, 당근, 사과, 크랜베리, 염화콜린, 염화칼륨, 미네랄, 메나디온중아황산나트륨, 등 (상세페이지 참고)",
        "성분구성": "조단백 43.0% 이상, 조지방 19.5% 이상, 조섬유 3.0% 이하, 수분 9.0% 이하, 칼슘 3.4%, 인 2.1%, 칼륨 0.7%, 나트륨 0.9%, 마그네슘 0.1%, 칼로리=415kcal/100g",
        "현재 재고 수량": "5개",
        "소비자 상담 전화": "마마캣 고객센터 (1544-6141)",
        "제품 포장 유형": "통포장 (지퍼팩 있음)"
    },
    {
        "id": 155,
        "name": "네이처스 버라이어티 생식본능 캣 그레인프리 토끼 2kg",
        "image": "https://mamacat.co.kr/web/product/big/20200319/88c18caa2825660fcce7b141cd09ef48.jpg",
        "상품 간략설명": "전연령 | 홀리스틱 (2221원/100g당)",
        "가격정책": "최저마진",
        "유통기한": "2022.02.28.",
        "박집사 한마디": "네이처스 버라이어티는 역시 고양이 영양학 좀 배우신 분들 같아요. 그레인프리+ 고단백질의 완성도 높은 포뮬러에 소화흡수율까지 좋은 사료 :)",
        "사료등급": "홀리스틱",
        "정상 소비자가": "52,000원",
        "마마캣 판매가": "44,410원",
        "원산지": "미국",
        "제조자 | 수입자": "Nature's Variety, Inc. | (주)한국네이처스버라이어티",
        "사용 연령": "전연령 (3개월 이상)",
        "100g 가격": "2221원",
        "포장단위별 용량, 수량": "2kg",
        "법에 의한 인증 및 허가": "사료관리법에 따른 수입신고를 필함",
        "원료구성": "토끼, 칠면조밀, 멘헤이든 생선밀, 닭지방, 완두콩, 흰살생선밀, 타피오카, 연어밀, 토끼밀, 말린토마토, 자연향료, 몬모릴로나이트, 비타민E 보충제, L-아스코르빌-2 폴리인산염, 니아신 보충제, 티아민 모노 나이트 레이트, d-칼슘 판토텐산염, 등 (상세페이지 참고)",
        "성분구성": "조단백 40.0%이상, 조지방 23.0%이상, 조섬유 3.5%이하, 수분 9.0% 이하, 칼로리 416Kcal/100g",
        "현재 재고 수량": "6개",
        "소비자 상담 전화": "마마캣 고객센터 (1544-6141)",
        "제품 포장 유형": "통포장 (지퍼팩 있음)"
    },
    {
        "id": 156,
        "name": "네이처스 버라이어티 생식본능 캣 그레인프리 토끼 4.5kg",
        "image": "https://mamacat.co.kr/web/product/big/20200319/21236472f8bb17b21613fb126f1d8eff.jpg",
        "상품 간략설명": "전연령 | 홀리스틱 (1736원/100g당)",
        "가격정책": "최저마진",
        "유통기한": "2022.07.07.",
        "박집사 한마디": "네이처스 버라이어티는 역시 고양이 영양학 좀 배우신 분들 같아요. 그레인프리+ 고단백질의 완성도 높은 포뮬러에 소화흡수율까지 좋은 사료 :)",
        "사료등급": "홀리스틱",
        "정상 소비자가": "100,000원",
        "마마캣 판매가": "78,120원",
        "원산지": "미국",
        "제조자 | 수입자": "Nature's Variety, Inc. | (주)한국네이처스버라이어티",
        "사용 연령": "전연령 (3개월 이상)",
        "100g 가격": "1736원",
        "포장단위별 용량, 수량": "4.5kg",
        "법에 의한 인증 및 허가": "사료관리법에 따른 수입신고를 필함",
        "원료구성": "토끼, 칠면조밀, 멘헤이든 생선밀, 닭지방, 완두콩, 흰살생선밀, 타피오카, 연어밀, 토끼밀, 말린토마토, 자연향료, 몬모릴로나이트, 비타민 등",
        "성분구성": "조단백 40.0%이상, 조지방 23.0%이상, 조섬유 3.5%이하, 수분 9.0% 이하, 칼로리 416Kcal/100g",
        "현재 재고 수량": "3개",
        "소비자 상담 전화": "마마캣 고객센터 (1544-6141)",
        "제품 포장 유형": "통포장 (지퍼팩 있음)"
    },
    {
        "id": 157,
        "name": "네이처스 버라이어티 주식캔 생식본능 그레인프리 LID 연어 156g",
        "image": "https://mamacat.co.kr/web/product/big/20191203/bfc880c5394670e6d577f5f2414f07c1.jpg",
        "가격정책": "마마캣 회원등급 할인 상품",
        "유통기한": "2022.07.",
        "정상 소비자가": "8,000원",
        "마마캣 판매가": "7,200원",
        "가장 높은 회원등급 할인 적용시 구매가": "6,840원 (최대 360원 할인)",
        "원산지": "미국",
        "제조자 | 수입자": "Nature's Variety, Inc. | (주)한국네이처스버라이어티",
        "사용 연령": "4개월 이상 추천",
        "100g 가격": "4,615원",
        "포장단위별 용량, 수량": "156g",
        "법에 의한 인증 및 허가": "사료관리법에 따른 수입신고를 필함",
        "원료구성": "연어,연어육수,돼지간,빻은 아마씨,몬모릴로나이트점토,계란,완두콩,당근,염화칼륨,소금,미네랄,염화콜린,비타민,타우린,L-아스코르빌-2폴리인산,아티초크,크랜베리,호박,토마토,블루베리,브로콜리,양배추,케일,파슬르",
        "성분구성": "조단백 10.5% 이상, 지방 7% 이상, 조섬유 2% 이하, 수분 78% 이하",
        "현재 재고 수량": "23개",
        "소비자 상담 전화": "마마캣 고객센터 (1544-6141)"
    },
    {
        "id": 158,
        "name": "네이처스 버라이어티 주식캔 생식본능 민스컵 참치 99g × 12개",
        "image": "https://mamacat.co.kr/web/product/big/20191203/2c495367ca83dc3ab9e4da8a803bb0a9.jpg",
        "가격정책": "마마캣 회원등급 할인 상품",
        "유통기한": "2022.11.06.",
        "정상 소비자가": "48,000원",
        "마마캣 판매가": "38,540원",
        "가장 높은 회원등급 할인 적용시 구매가": "36,620원 (최대 1,920원 할인)",
        "원산지": "미국",
        "제조자 | 수입자": "Nature's Variety, Inc. | (주)한국네이처스버라이어티",
        "사용 연령": "4개월 이상 추천",
        "100g 가격": "3,101원",
        "포장단위별 용량, 수량": "99g × 12개",
        "법에 의한 인증 및 허가": "사료관리법에 따른 수입신고를 필함",
        "원료구성": "생선 육수, 참치, 돼지 간, 계란 흰자, 돼지고기, 빻은 건조 완두콩, 시금치, 당근, 빻은 아마 씨, 몬모릴로나이트점토, 구아검, 천연향료, 해바라기씨 오일, 인산나트륨, 소금, 탄산칼슘, 건조켈프, 염화칼륨, 염화콜린, 미네랄, 타우린 등",
        "성분구성": "조단백 10%이상, 조지방 2%, 조섬유 1%, 수분 82%, 칼슘 0.1%, 인 0.1%이상",
        "현재 재고 수량": "1개",
        "소비자 상담 전화": "마마캣 고객센터 (1544-6141)"
    },
    {
        "id": 159,
        "name": "네이처스 버라이어티 주식캔 생식본능 민스컵 참치 99g",
        "image": "https://mamacat.co.kr/web/product/big/20191203/71575f969c75ca8717d7bf262ed52562.jpg",
        "가격정책": "마마캣 회원등급 할인 상품",
        "유통기한": "2022.11.06.",
        "정상 소비자가": "4,000원",
        "마마캣 판매가": "3,290원",
        "가장 높은 회원등급 할인 적용시 구매가": "3,130원 (최대 160원 할인)",
        "원산지": "미국",
        "제조자 | 수입자": "Nature's Variety, Inc. | (주)한국네이처스버라이어티",
        "사용 연령": "4개월 이상 추천",
        "100g 가격": "3,323원",
        "포장단위별 용량, 수량": "99g",
        "법에 의한 인증 및 허가": "사료관리법에 따른 수입신고를 필함",
        "원료구성": "생선 육수, 참치, 돼지 간, 계란 흰자, 돼지고기, 빻은 건조 완두콩, 시금치, 당근, 빻은 아마 씨, 몬모릴로나이트점토, 구아검, 천연향료, 해바라기씨 오일, 인산나트륨, 소금, 탄산칼슘, 건조켈프, 염화칼륨, 염화콜린, 미네랄, 타우린 등",
        "성분구성": "조단백 10%이상, 조지방 2%, 조섬유 1%, 수분 82%, 칼슘 0.1%, 인 0.1%이상",
        "현재 재고 수량": "19개",
        "소비자 상담 전화": "마마캣 고객센터 (1544-6141)"
    },
    {
        "id": 160,
        "name": "네이처스 버라이어티 주식캔 생식본능 민스컵 치킨 99g × 12개",
        "image": "https://mamacat.co.kr/web/product/big/20191203/ffa2ce6d87aabcba5ccbaa6ff4501774.jpg",
        "가격정책": "마마캣 회원등급 할인 상품",
        "유통기한": "2022.12.26.",
        "정상 소비자가": "48,000원",
        "마마캣 판매가": "38,540원",
        "가장 높은 회원등급 할인 적용시 구매가": "36,620원 (최대 1,920원 할인)",
        "원산지": "미국",
        "제조자 | 수입자": "Nature's Variety, Inc. | (주)한국네이처스버라이어티",
        "사용 연령": "4개월 이상 추천",
        "100g 가격": "3,101원",
        "포장단위별 용량, 수량": "99g × 12개",
        "법에 의한 인증 및 허가": "사료관리법에 따른 수입신고를 필함",
        "원료구성": "닭 육수, 닭고기, 닭 간, 계란흰자, 빻은 건조 완두콩, 시금치, 당근, 빻은 아마씨, 구아검, 천연향료, 인산나트륨, 소금, 몬모릴로나이트 점토, 건조켈프, 염화칼륨, 염화콜린, 미네랄(철단백질화합물, 아연단백질화합물 외), 미네랄(티아민질산염, 비타민E보충물) 등",
        "성분구성": "조단백질 9.0%이상, 조지방 4.5%이상, 조섬유 1.0%이하, 수분 82.0%이상, 칼슘 0.2%이상, 인 0.1%이상",
        "현재 재고 수량": "7개",
        "소비자 상담 전화": "마마캣 고객센터 (1544-6141)"
    },
    {
        "id": 161,
        "name": "네이처스 버라이어티 주식캔 생식본능 민스컵 치킨 99g",
        "image": "https://mamacat.co.kr/web/product/big/20191203/381f25034eace9e13fe533c9ab9aeeec.jpg",
        "가격정책": "마마캣 회원등급 할인 상품",
        "유통기한": "2022.12.26.",
        "정상 소비자가": "4,000원",
        "마마캣 판매가": "3,290원",
        "가장 높은 회원등급 할인 적용시 구매가": "3,130원 (최대 160원 할인)",
        "원산지": "미국",
        "제조자 | 수입자": "Nature's Variety, Inc. | (주)한국네이처스버라이어티",
        "사용 연령": "4개월 이상 추천",
        "100g 가격": "3,323원",
        "포장단위별 용량, 수량": "99g",
        "법에 의한 인증 및 허가": "사료관리법에 따른 수입신고를 필함",
        "원료구성": "닭 육수, 닭고기, 닭 간, 계란흰자, 빻은 건조 완두콩, 시금치, 당근, 빻은 아마씨, 구아검, 천연향료, 인산나트륨, 소금, 몬모릴로나이트 점토, 건조켈프, 염화칼륨, 염화콜린, 미네랄(철단백질화합물, 아연단백질화합물 외), 미네랄(티아민질산염, 비타민E보충물) 등",
        "성분구성": "조단백질 9.0%이상, 조지방 4.5%이상, 조섬유 1.0%이하, 수분 82.0%이상, 칼슘 0.2%이상, 인 0.1%이상",
        "현재 재고 수량": "13개",
        "소비자 상담 전화": "마마캣 고객센터 (1544-6141)"
    },
    {
        "id": 162,
        "name": "네이처스 버라이어티 캣 생식본능 크레이빙 파우치 연어 85g",
        "image": "https://mamacat.co.kr/web/product/big/20200512/a54bc6ce8b4bc2a153227e6112208e1e.jpg",
        "가격정책": "최저마진",
        "유통기한": "2022.06.25.",
        "정상 소비자가": "3,000원",
        "마마캣 판매가": "2,490원",
        "원산지": "미국",
        "제조자 | 수입자": "Nature's Variety, Inc. | (주)한국네이처스버라이어티",
        "사용 연령": "전연령(생후 3개월이상)",
        "100g 가격": "2705원",
        "포장단위별 용량, 수량": "85g",
        "법에 의한 인증 및 허가": "사료관리법에 따른 수입신고를 필함",
        "원료구성": "연어, 닭고기, 닭간, 계란, 말린 완두콩, 천연 향료, 나트륨 인산염, 구아검, 소금, 탄산나트륨, DL-메티오닌",
        "성분구성": "조단백질 8.5%이상, 조지방 3.5%이상, 조섬유 1.5%이하, 수분 82%이하",
        "현재 재고 수량": "48개",
        "소비자 상담 전화": "마마캣 고객센터 (1544-6141)"
    },
    {
        "id": 163,
        "name": "네이처스 버라이어티 캣 생식본능 크레이빙 파우치 오리 85g",
        "image": "https://mamacat.co.kr/web/product/big/20200512/21bc327d2d233d1bc11ceb1ace4349eb.jpg",
        "가격정책": "최저마진",
        "유통기한": "2022.02.07.",
        "정상 소비자가": "3,000원",
        "마마캣 판매가": "2,490원",
        "원산지": "미국",
        "제조자 | 수입자": "Nature's Variety, Inc. | (주)한국네이처스버라이어티",
        "사용 연령": "전연령(생후 3개월이상)",
        "100g 가격": "2705원",
        "포장단위별 용량, 수량": "85g",
        "법에 의한 인증 및 허가": "사료관리법에 따른 수입신고를 필함",
        "원료구성": "터키 브로스, 오리, 터키, 터키 간, 계란, 말린 완두콩, 천연향료, 나트륨 인산염, 구아검, 소금, 탄산나트륨, DL-메티오닌",
        "성분구성": "조단백질 8.5%이상, 조지방 4%이상, 조섬유 1.5%이하, 수분 82%이하",
        "현재 재고 수량": "52개",
        "소비자 상담 전화": "마마캣 고객센터 (1544-6141)"
    },
    {
        "id": 164,
        "name": "네이처스 버라이어티 캣 얼티밋 프로틴 2종 맛보기 85g × 2개",
        "image": "https://mamacat.co.kr/web/product/big/20200512/d0a155865b8fd38ea6f6fd4da1ee8b43.jpg",
        "가격정책": "최저마진",
        "유통기한": "각 상품 상세페이지 참고",
        "정상 소비자가": "6,000원",
        "마마캣 판매가": "4,740원",
        "원산지": "미국",
        "제조자 | 수입자": "Nature's Variety, Inc. | (주)한국네이처스버라이어티",
        "사용 연령": "전연령(생후 3개월이상)",
        "포장단위별 용량, 수량": "85g X 2종",
        "법에 의한 인증 및 허가": "사료관리법에 따른 수입신고를 필함",
        "원료구성": "각 상품 상세페이지 참고",
        "성분구성": "각 상품 상세페이지 참고",
        "현재 재고 수량": "14개",
        "소비자 상담 전화": "마마캣 고객센터 (1544-6141)"
    },
    {
        "id": 165,
        "name": "네이처스 버라이어티 캣 얼티밋 프로틴 오리고기 캣 파우치 85g",
        "image": "https://mamacat.co.kr/web/product/big/20200512/53f38d58552f453b2d3511189f18bf25.jpg",
        "가격정책": "최저마진",
        "유통기한": "2022.09.12.",
        "정상 소비자가": "3,000원",
        "마마캣 판매가": "2,390원",
        "원산지": "미국",
        "제조자 | 수입자": "Nature's Variety, Inc. | (주)한국네이처스버라이어티",
        "사용 연령": "전연령(생후 3개월이상)",
        "100g 가격": "2647원",
        "포장단위별 용량, 수량": "85g",
        "법에 의한 인증 및 허가": "사료관리법에 따른 수입신고를 필함",
        "원료구성": "오리, 오리육수, 칠면조육수, 칠면조 간, 달걀 흰자, 말린 완두콩, 계란, 나트륨 인산염, 구아검, 소금, 탄산나트륨",
        "성분구성": "조단백질 10%이상, 조지방 3.5%이상, 조회분 3%이상, 조섬유 1%이하, 칼슘 0.1%이상, 인 0.1%이하, 수분 82%이하",
        "현재 재고 수량": "20개",
        "소비자 상담 전화": "마마캣 고객센터 (1544-6141)"
    },
    {
        "id": 166,
        "name": "네이처스 버라이어티 캣 얼티밋 프로틴 치킨 캣 파우치 85g",
        "image": "https://mamacat.co.kr/web/product/big/20200512/abace8c94182db39274a8f76d8cfcff9.jpg",
        "가격정책": "최저마진",
        "유통기한": "2022.11.13.",
        "정상 소비자가": "3,000원",
        "마마캣 판매가": "2,390원",
        "원산지": "미국",
        "제조자 | 수입자": "Nature's Variety, Inc. | (주)한국네이처스버라이어티",
        "사용 연령": "전연령(생후 3개월이상)",
        "100g 가격": "2647원",
        "포장단위별 용량, 수량": "85g",
        "법에 의한 인증 및 허가": "사료관리법에 따른 수입신고를 필함",
        "원료구성": "닭고기, 닭육수, 칠면조 육수, 닭간, 계란흰자, 빻은 건조 완두콩, 계란, 인산나트륨, 구아검, 소금, 탄산나트륨",
        "성분구성": "조단백질 10%이상, 조지방 4%이상, 조회분 3%이상, 조섬유 1%이하, 칼슘 0.2%이상, 인 0.1%이하, 수분 82%이하",
        "현재 재고 수량": "29개",
        "소비자 상담 전화": "마마캣 고객센터 (1544-6141)"
    },
    {
        "id": 167,
        "name": "네츄럴코어 고양이캔 3종 맛보기 95g × 3개",
        "image": "https://mamacat.co.kr/web/product/big/201705/817_shop1_579772.jpg",
        "가격정책": "최저마진",
        "유통기한": "각 제품의 상세페이지 참고",
        "정상 소비자가": "4,500원",
        "마마캣 판매가": "3,570원",
        "원산지": "태국",
        "제조자 | 수입자": "Unicord Public Co.,Ltd.",
        "사용 연령": "6개월 이상 추천",
        "100g 가격": "1252원",
        "포장단위별 용량, 수량": "95g × 3개",
        "법에 의한 인증 및 허가": "사료관리법에 따른 수입신고를 필함",
        "원료구성": "각 상세페이지 참고",
        "성분구성": "각 상세페이지 참고",
        "현재 재고 수량": "10개",
        "소비자 상담 전화": "마마캣 고객센터 (1544-6141)"
    },
    {
        "id": 168,
        "name": "네츄럴코어 고양이캔 3종 혼합 95g × 24개",
        "image": "https://mamacat.co.kr/web/product/big/201705/818_shop1_689871.jpg",
        "가격정책": "최저마진",
        "유통기한": "각 제품의 상세페이지 참고",
        "정상 소비자가": "36,000원",
        "마마캣 판매가": "27,200원",
        "원산지": "태국",
        "제조자 | 수입자": "Unicord Public Co.,Ltd.",
        "사용 연령": "6개월 이상 추천",
        "100g 가격": "1192원",
        "포장단위별 용량, 수량": "95g × 24개",
        "법에 의한 인증 및 허가": "사료관리법에 따른 수입신고를 필함",
        "원료구성": "각 상세페이지 참고",
        "성분구성": "각 상세페이지 참고",
        "현재 재고 수량": "8개",
        "소비자 상담 전화": "마마캣 고객센터 (1544-6141)"
    },
    {
        "id": 169,
        "name": "네츄럴코어 고양이캔 참치 95g × 24개",
        "image": "https://mamacat.co.kr/web/product/big/sejun2523_819.jpg",
        "가격정책": "최저마진",
        "유통기한": "2022.11.16.",
        "정상 소비자가": "36,000원",
        "마마캣 판매가": "27,200원",
        "원산지": "태국",
        "제조자 | 수입자": "Unicord Public Co.,Ltd.",
        "사용 연령": "6개월 이상 추천",
        "100g 가격": "1192원",
        "포장단위별 용량, 수량": "95g × 24개",
        "법에 의한 인증 및 허가": "사료관리법에 따른 수입신고를 필함",
        "원료구성": "참치, 젤리, 비타민 E",
        "성분구성": "조단백 10.0% 이상, 조지방 1.5% 이상, 조섬유 2.0% 이하, 조회분 2.5% 이하, 칼슘 0.7% 이상, 인 1.5% 이하",
        "현재 재고 수량": "7개",
        "소비자 상담 전화": "마마캣 고객센터 (1544-6141)"
    },
    {
        "id": 170,
        "name": "네츄럴코어 고양이캔 참치 95g",
        "image": "https://mamacat.co.kr/web/product/big/sejun2523_815.jpg",
        "가격정책": "최저마진",
        "유통기한": "2022.11.16.",
        "정상 소비자가": "1,500원",
        "마마캣 판매가": "1,270원",
        "원산지": "태국",
        "제조자 | 수입자": "Unicord Public Co.,Ltd.",
        "사용 연령": "6개월 이상 추천",
        "100g 가격": "1336원",
        "포장단위별 용량, 수량": "95g",
        "법에 의한 인증 및 허가": "사료관리법에 따른 수입신고를 필함",
        "원료구성": "참치, 젤리, 비타민 E",
        "성분구성": "조단백 10.0% 이상, 조지방 1.5% 이상, 조섬유 2.0% 이하, 조회분 2.5% 이하, 칼슘 0.7% 이상, 인 1.5% 이하",
        "현재 재고 수량": "27개",
        "소비자 상담 전화": "마마캣 고객센터 (1544-6141)"
    },
    {
        "id": 171,
        "name": "네츄럴코어 고양이캔 참치&게맛살 95g × 24개",
        "image": "https://mamacat.co.kr/web/product/big/sejun2523_820.jpg",
        "가격정책": "최저마진",
        "유통기한": "2022.11.17.",
        "정상 소비자가": "36,000원",
        "마마캣 판매가": "27,200원",
        "원산지": "태국",
        "제조자 | 수입자": "Unicord Public Co.,Ltd.",
        "사용 연령": "6개월 이상 추천",
        "100g 가격": "1192원",
        "포장단위별 용량, 수량": "95g × 24개",
        "법에 의한 인증 및 허가": "사료관리법에 따른 수입신고를 필함",
        "원료구성": "참치, 젤리, 게맛살, 비타민 E",
        "성분구성": "조단백 10.0% 이상, 조지방 4.98% 이상, 조섬유 2.4% 이하, 조회분 0.6% 이하, 칼슘 0.01% 이상, 인 1.5% 이하",
        "현재 재고 수량": "7개",
        "소비자 상담 전화": "마마캣 고객센터 (1544-6141)"
    },
    {
        "id": 172,
        "name": "네츄럴코어 고양이캔 참치&게맛살 95g",
        "image": "https://mamacat.co.kr/web/product/big/sejun2523_816.jpg",
        "가격정책": "최저마진",
        "유통기한": "2022.11.17.",
        "정상 소비자가": "1,500원",
        "마마캣 판매가": "1,270원",
        "원산지": "태국",
        "제조자 | 수입자": "Unicord Public Co.,Ltd.",
        "사용 연령": "6개월 이상 추천",
        "100g 가격": "1336원",
        "포장단위별 용량, 수량": "95g",
        "법에 의한 인증 및 허가": "사료관리법에 따른 수입신고를 필함",
        "원료구성": "참치, 젤리, 게맛살, 비타민E",
        "성분구성": "조단백 10.0% 이상, 조지방 4.98% 이상, 조섬유 2.4% 이하, 조회분 0.6% 이하, 칼슘 0.01% 이상, 인 1.5% 이하",
        "현재 재고 수량": "21개",
        "소비자 상담 전화": "마마캣 고객센터 (1544-6141)"
    },
    {
        "id": 173,
        "name": "네츄럴코어 고양이캔 치킨 95g × 24개",
        "image": "https://mamacat.co.kr/web/product/big/sejun2523_6706.jpg",
        "가격정책": "최저마진",
        "유통기한": "2022.12.17.",
        "정상 소비자가": "36,000원",
        "마마캣 판매가": "27,200원",
        "원산지": "태국",
        "제조자 | 수입자": "Unicord Public Co.,Ltd.",
        "사용 연령": "6개월 이상 추천",
        "100g 가격": "1192원",
        "포장단위별 용량, 수량": "95g × 24개",
        "법에 의한 인증 및 허가": "사료관리법에 따른 수입신고를 필함",
        "원료구성": "닭고기, 젤리, 비타민E",
        "성분구성": "조단백 12.4% 이상, 조지방 0.4% 이상, 조섬유 0.2% 이하, 조회분 2.0% 이하, 칼슘 0.7% 이상, 인 1.5% 이하",
        "현재 재고 수량": "6개",
        "소비자 상담 전화": "마마캣 고객센터 (1544-6141)"
    },
    {
        "id": 174,
        "name": "네츄럴코어 고양이캔 치킨 95g",
        "image": "https://mamacat.co.kr/web/product/big/sejun2523_6705.jpg",
        "가격정책": "최저마진",
        "유통기한": "2022.12.17.",
        "정상 소비자가": "1,500원",
        "마마캣 판매가": "1,270원",
        "원산지": "태국",
        "제조자 | 수입자": "Unicord Public Co.,Ltd.",
        "사용 연령": "6개월 이상 추천",
        "100g 가격": "1336원",
        "포장단위별 용량, 수량": "95g",
        "법에 의한 인증 및 허가": "사료관리법에 따른 수입신고를 필함",
        "원료구성": "닭고기, 젤리, 비타민E",
        "성분구성": "조단백 12.4% 이상, 조지방 0.4% 이상, 조섬유 0.2% 이하, 조회분 2.0% 이하, 칼슘 0.7% 이상, 인 1.5% 이하",
        "현재 재고 수량": "21개",
        "소비자 상담 전화": "마마캣 고객센터 (1544-6141)"
    },
    {
        "id": 175,
        "name": "네츄럴코어 메리츄 새우+참치 56g",
        "image": "https://mamacat.co.kr/web/product/big/201812/d7469b46547896fd9449710e6f78a9bd.jpg",
        "가격정책": "최저마진",
        "유통기한": "2022.07.03.",
        "정상 소비자가": "2,500원",
        "마마캣 판매가": "1,980원",
        "원산지": "태국",
        "제조자 | 수입자": "Unicord Public Co.,Ltd.",
        "사용 연령": "전연령",
        "100g 가격": "3214원",
        "포장단위별 용량, 수량": "14g × 4봉",
        "법에 의한 인증 및 허가": "사료관리법에 따른 수입신고를 필함",
        "원료구성": "참치, 정제수, 새우, 타피오카 전분, 참치엑기스, 피쉬오일, L-라이신, 프락토올리고당, 천연향미제, 구아검, 비타민E",
        "성분구성": "조단백 7.0% 이상, 조지방 0.1% 이상, 조섬유 1.0% 이하, 조회분 3.0% 이하, 칼슘 0.001% 이상, 인 0.05 % 이상, 수분 90.0% 이하",
        "현재 재고 수량": "70개",
        "소비자 상담 전화": "마마캣 고객센터 (1544-6141)"
    },
    {
        "id": 176,
        "name": "네츄럴코어 메리츄 새우+치킨 56g",
        "image": "https://mamacat.co.kr/web/product/big/201906/531883e02b2854464b30c95a61dc22f7.jpg",
        "가격정책": "최저마진",
        "유통기한": "2022.06.22.",
        "정상 소비자가": "2,500원",
        "마마캣 판매가": "1,980원",
        "원산지": "태국",
        "제조자 | 수입자": "Unicord Public Co.,Ltd.",
        "사용 연령": "전연령",
        "포장단위별 용량, 수량": "14g × 4봉",
        "법에 의한 인증 및 허가": "사료관리법에 따른 수입신고를 필함",
        "원료구성": "닭고기, 정제수, 새우, 타피오카 전분, 참치추출물, 어유, L-라이신, 프락토올리고당, 효모추출물, 구아검, 비타민E,소르빈산",
        "성분구성": "조단백 7.0% 이상, 조지방 0.10% 이상, 조섬유 1.0% 이하, 조회분 3.0% 이하, 칼슘 0.001% 이상, 인 0.05 % 이상, 수분 92.0% 이하",
        "현재 재고 수량": "58개",
        "소비자 상담 전화": "마마캣 고객센터 (1544-6141)"
    },
    {
        "id": 177,
        "name": "네츄럴코어 메리츄 오메가3+랍스터 56g",
        "image": "https://mamacat.co.kr/web/product/big/201906/6a1b1a499cbdf62b3fb1e14ccb685d25.jpg",
        "가격정책": "최저마진",
        "유통기한": "2022.05.25.",
        "정상 소비자가": "2,500원",
        "마마캣 판매가": "1,980원",
        "원산지": "태국",
        "제조자 | 수입자": "Unicord Public Co.,Ltd.",
        "사용 연령": "전연령",
        "포장단위별 용량, 수량": "14g × 4봉",
        "법에 의한 인증 및 허가": "사료관리법에 따른 수입신고를 필함",
        "원료구성": "정제수, 랍스터, 타피오카전분,참치추출물, L-라이신, 프락토올리고당,어유, 프락토올리고당, 구아검, 비타민E,타우린,효모추출물,맥주효모,닭고기유도단백질,소르빈산",
        "성분구성": "조단백 4.0% 이상, 조지방 0.10% 이상, 조섬유 1.0% 이하, 조회분 3.0% 이하, 칼슘 0.001% 이상, 인 0.05 % 이상, 수분 90.0% 이하",
        "현재 재고 수량": "93개",
        "소비자 상담 전화": "마마캣 고객센터 (1544-6141)"
    },
    {
        "id": 178,
        "name": "네츄럴코어 메리츄 오메가3+참치 56g",
        "image": "https://mamacat.co.kr/web/product/big/201812/5afb747ff207b402f1e943a8ef554a5d.jpg",
        "가격정책": "최저마진",
        "유통기한": "2022.10.28.",
        "정상 소비자가": "2,500원",
        "마마캣 판매가": "1,980원",
        "원산지": "태국",
        "제조자 | 수입자": "Unicord Public Co.,Ltd.",
        "사용 연령": "전연령",
        "100g 가격": "3214원",
        "포장단위별 용량, 수량": "14g × 4봉",
        "법에 의한 인증 및 허가": "사료관리법에 따른 수입신고를 필함",
        "원료구성": "참치, 정제수, 타피오카 전분, 참치엑기스, 피쉬오일, L-라이신, 프락토올리고당, 천연향미제, 구아검, 비타민E",
        "성분구성": "조단백 7.0% 이상, 조지방 0.10% 이상, 조섬유 1.0% 이하, 조회분 3.0% 이하, 칼슘 0.001% 이상, 인 0.05 % 이상, 수분 90.0% 이하",
        "현재 재고 수량": "146개",
        "소비자 상담 전화": "마마캣 고객센터 (1544-6141)"
    },
    {
        "id": 179,
        "name": "네츄럴코어 메리츄 오메가3+치킨 56g",
        "image": "https://mamacat.co.kr/web/product/big/201906/7e77bf6991d83d2df8d41ecaf93e90a9.jpg",
        "가격정책": "최저마진",
        "유통기한": "2022.07.20.",
        "정상 소비자가": "2,500원",
        "마마캣 판매가": "1,980원",
        "원산지": "태국",
        "제조자 | 수입자": "Unicord Public Co.,Ltd.",
        "사용 연령": "전연령",
        "포장단위별 용량, 수량": "14g × 4봉",
        "법에 의한 인증 및 허가": "사료관리법에 따른 수입신고를 필함",
        "원료구성": "닭고기, 정제수, 타피오카 전분, 참치추출물, L-라이신, 프락토올리고당, 효모추출물, 구아검, 비타민E,소르빈산",
        "성분구성": "조단백 7.0% 이상, 조지방 0.10% 이상, 조섬유 1.0% 이하, 조회분 3.0% 이하, 칼슘 0.001% 이상, 인 0.03 % 이상, 수분 92.0% 이하",
        "현재 재고 수량": "88개",
        "소비자 상담 전화": "마마캣 고객센터 (1544-6141)"
    },
    {
        "id": 180,
        "name": "네츄럴코어 메리츄 참치+랍스터 56g",
        "image": "https://mamacat.co.kr/web/product/big/201906/f1784c074ab6d55142c8b9ab8d2d8f74.jpg",
        "가격정책": "최저마진",
        "유통기한": "2022.07.19.",
        "정상 소비자가": "2,500원",
        "마마캣 판매가": "1,980원",
        "원산지": "태국",
        "제조자 | 수입자": "Unicord Public Co.,Ltd.",
        "사용 연령": "전연령",
        "포장단위별 용량, 수량": "14g × 4봉",
        "법에 의한 인증 및 허가": "사료관리법에 따른 수입신고를 필함",
        "원료구성": "참치, 정제수, 랍스터, 타피오카전분,참치추출물, L-라이신, 프락토올리고당, 프락토올리고당, 구아검, 비타민E,타우린,효모추출물,맥주효모,닭고기유도단백질,소르빈산",
        "성분구성": "조단백 7.0% 이상, 조지방 0.10% 이상, 조섬유 1.0% 이하, 조회분 3.0% 이하, 칼슘 0.001% 이상, 인 0.05 % 이상, 수분 90.0% 이하",
        "현재 재고 수량": "66개",
        "소비자 상담 전화": "마마캣 고객센터 (1544-6141)"
    },
    {
        "id": 181,
        "name": "네츄럴코어 메리츄 참치/치킨/랍스터 42g",
        "image": "https://mamacat.co.kr/web/product/big/201906/0280529ffc25b56bc441b4c995ac298d.jpg",
        "가격정책": "최저마진",
        "유통기한": "2022.04.23.",
        "정상 소비자가": "2,000원",
        "마마캣 판매가": "1,590원",
        "원산지": "태국",
        "제조자 | 수입자": "Unicord Public Co.,Ltd.",
        "사용 연령": "전연령",
        "포장단위별 용량, 수량": "14g × 3봉",
        "법에 의한 인증 및 허가": "사료관리법에 따른 수입신고를 필함",
        "현재 재고 수량": "44개",
        "소비자 상담 전화": "마마캣 고객센터 (1544-6141)"
    },
    {
        "id": 182,
        "name": "네츄럴코어 메리츄 치즈+참치 56g",
        "image": "https://mamacat.co.kr/web/product/big/201812/862388d4b7a1b39dc20dbf69ce9323ce.jpg",
        "가격정책": "최저마진",
        "유통기한": "2022.07.10.",
        "정상 소비자가": "2,500원",
        "마마캣 판매가": "1,980원",
        "원산지": "태국",
        "제조자 | 수입자": "Unicord Public Co.,Ltd.",
        "사용 연령": "전연령",
        "100g 가격": "3214원",
        "포장단위별 용량, 수량": "14g × 4봉",
        "법에 의한 인증 및 허가": "사료관리법에 따른 수입신고를 필함",
        "원료구성": "참치, 정제수, 치즈, 타피오카 전분, 참치엑기스, 피쉬오일, L-라이신, 프락토올리고당, 천연향미제, 구아검, 비타민E",
        "성분구성": "조단백 7.0% 이상, 조지방 0.10% 이상, 조섬유 1.0% 이하, 조회분 3.0% 이하, 칼슘 0.001% 이상, 인 0.05 % 이상, 수분 90.0% 이하",
        "현재 재고 수량": "105개",
        "소비자 상담 전화": "마마캣 고객센터 (1544-6141)"
    },
    {
        "id": 183,
        "name": "네츄럴코어 메리츄 해초+참치 56g",
        "image": "https://mamacat.co.kr/web/product/big/201812/92632919eb017d540f89b93afff4225b.jpg",
        "가격정책": "최저마진",
        "유통기한": "2022.05.24.",
        "정상 소비자가": "2,500원",
        "마마캣 판매가": "1,980원",
        "원산지": "태국",
        "제조자 | 수입자": "Unicord Public Co.,Ltd.",
        "사용 연령": "전연령",
        "100g 가격": "3214원",
        "포장단위별 용량, 수량": "14g × 4봉",
        "법에 의한 인증 및 허가": "사료관리법에 따른 수입신고를 필함",
        "원료구성": "참치, 정제수, 해초, 타피오카 전분, 참치엑기스, 피쉬오일, L-라이신, 프락토올리고당, 천연향미제, 구아검, 비타민E",
        "성분구성": "조단백 7.0% 이상, 조지방 0.10% 이상, 조섬유 1.0% 이하, 조회분 3.0% 이하, 칼슘 0.001% 이상, 인 0.05 % 이상, 수분 90.0% 이하",
        "현재 재고 수량": "69개",
        "소비자 상담 전화": "마마캣 고객센터 (1544-6141)"
    },
    {
        "id": 184,
        "name": "네츄럴코어 밋보울 닭가슴살+대구 30g × 6개",
        "image": "https://mamacat.co.kr/web/product/big/20200512/aa283470a2d511de58eed070800da8ef.jpg",
        "가격정책": "최저마진",
        "유통기한": "2022.09.14.",
        "정상 소비자가": "5,000원",
        "마마캣 판매가": "3,500원",
        "원산지": "한국",
        "제조자 | 수입자": "(주)미소",
        "사용 연령": "전연령",
        "100g 가격": "1944원",
        "포장단위별 용량, 수량": "30g × 6개",
        "법에 의한 인증 및 허가": "사료관리법에 따른 수입신고를 필함",
        "원료구성": "닭고기, 대구, 비타민, 미네랄, 타우린",
        "성분구성": "조단백 10.0% 이상, 조지방 2.5% 이상, 조섬유 1.0% 이하, 조회분 4.0% 이하, 칼슘 0.01% 이상, 인 0.2% 이하, 수분 80.0% 이하",
        "현재 재고 수량": "16개",
        "소비자 상담 전화": "마마캣 고객센터 (1544-6141)"
    },
    {
        "id": 185,
        "name": "네츄럴코어 밋보울 닭가슴살+연어 30g × 6개",
        "image": "https://mamacat.co.kr/web/product/big/20200512/3f3f0ce6028e6620a8fe8df479bf809a.jpg",
        "가격정책": "최저마진",
        "유통기한": "2023.03.02.",
        "정상 소비자가": "5,000원",
        "마마캣 판매가": "3,500원",
        "원산지": "한국",
        "제조자 | 수입자": "(주)미소",
        "사용 연령": "전연령(3개월 이상)",
        "100g 가격": "1944원",
        "포장단위별 용량, 수량": "30g × 6개",
        "법에 의한 인증 및 허가": "사료관리법에 따른 수입신고를 필함",
        "원료구성": "닭고기, 연어, 비타민, 미네랄, 타우린",
        "성분구성": "조단백 13.0% 이상, 조지방 9.0% 이상, 조섬유 1.0% 이하, 조회분 4.0% 이하, 칼슘 0.01% 이상, 인 0.2% 이하, 수분 80.0% 이하",
        "현재 재고 수량": "14개",
        "소비자 상담 전화": "마마캣 고객센터 (1544-6141)"
    },
    {
        "id": 186,
        "name": "네츄럴코어 시니어 3종 맛보기 95g × 3개",
        "image": "https://mamacat.co.kr/web/product/big/20200512/47eed46f7095ae71a1bbbe2f824b86c2.jpg",
        "가격정책": "최저마진",
        "유통기한": "각 제품의 상세페이지 참고",
        "정상 소비자가": "4,500원",
        "마마캣 판매가": "3,570원",
        "원산지": "태국",
        "제조자 | 수입자": "Unicord Public Co.,Ltd.",
        "사용 연령": "노령묘(7세이상)",
        "100g 가격": "1252원",
        "포장단위별 용량, 수량": "95g × 3개",
        "법에 의한 인증 및 허가": "사료관리법에 따른 수입신고를 필함",
        "원료구성": "각 상품 상세페이지 참고",
        "성분구성": "각 상품 상세페이지 참고",
        "현재 재고 수량": "14개",
        "소비자 상담 전화": "마마캣 고객센터 (1544-6141)"
    },
    {
        "id": 187,
        "name": "네츄럴코어 시니어 3종 혼합 95g × 24개",
        "image": "https://mamacat.co.kr/web/product/big/20200512/c396a694b4a0012c15693159d6d1180e.jpg",
        "가격정책": "최저마진",
        "유통기한": "각 제품의 상세페이지 참고",
        "정상 소비자가": "36,000원",
        "마마캣 판매가": "27,200원",
        "원산지": "태국",
        "제조자 | 수입자": "Unicord Public Co.,Ltd.",
        "사용 연령": "노령묘(7세이상)",
        "100g 가격": "1192원",
        "포장단위별 용량, 수량": "95g × 24개",
        "법에 의한 인증 및 허가": "사료관리법에 따른 수입신고를 필함",
        "원료구성": "참치, 닭간 등",
        "성분구성": "조단백 9.0% 이상, 조지방 0.005% 이상, 조섬유 1.0% 이하, 조회분 3.0% 이하, 칼슘 0.001% 이상, 인 0.03% 이상, 수분 88.0% 이하",
        "현재 재고 수량": "3개",
        "소비자 상담 전화": "마마캣 고객센터 (1544-6141)"
    },
    {
        "id": 188,
        "name": "네츄럴코어 시니어 참치와 닭간 95g × 24개",
        "image": "https://mamacat.co.kr/web/product/big/20200512/e18c97c947a4df247c8fac459e7c02db.jpg",
        "가격정책": "최저마진",
        "유통기한": "2021.12.03.",
        "정상 소비자가": "36,000원",
        "마마캣 판매가": "27,200원",
        "원산지": "태국",
        "제조자 | 수입자": "Unicord Public Co.,Ltd.",
        "사용 연령": "노령묘(7세이상)",
        "100g 가격": "1192원",
        "포장단위별 용량, 수량": "95g × 24개",
        "법에 의한 인증 및 허가": "사료관리법에 따른 수입신고를 필함",
        "원료구성": "참치, 닭간 등",
        "성분구성": "조단백 9.0% 이상, 조지방 0.005% 이상, 조섬유 1.0% 이하, 조회분 3.0% 이하, 칼슘 0.001% 이상, 인 0.03% 이상, 수분 88.0% 이하",
        "현재 재고 수량": "5개",
        "소비자 상담 전화": "마마캣 고객센터 (1544-6141)"
    },
    {
        "id": 189,
        "name": "네츄럴코어 시니어 참치와 닭간 95g",
        "image": "https://mamacat.co.kr/web/product/big/20200512/c856956e1cc51721491b82db2113579b.jpg",
        "가격정책": "최저마진",
        "유통기한": "2021.12.03.",
        "정상 소비자가": "1,500원",
        "마마캣 판매가": "1,270원",
        "원산지": "태국",
        "제조자 | 수입자": "Unicord Public Co.,Ltd.",
        "사용 연령": "노령묘(7세이상)",
        "100g 가격": "1336원",
        "포장단위별 용량, 수량": "95g",
        "법에 의한 인증 및 허가": "사료관리법에 따른 수입신고를 필함",
        "원료구성": "참치, 닭간 등",
        "성분구성": "조단백 9.0% 이상, 조지방 0.005% 이상, 조섬유 1.0% 이하, 조회분 3.0% 이하, 칼슘 0.001% 이상, 인 0.03% 이상, 수분 88.0% 이하",
        "현재 재고 수량": "37개",
        "소비자 상담 전화": "마마캣 고객센터 (1544-6141)"
    },
    {
        "id": 190,
        "name": "네츄럴코어 시니어 참치와 소고기 95g × 24개",
        "image": "https://mamacat.co.kr/web/product/big/20200512/0b82f11b0f25695b2be873b98b312e73.jpg",
        "가격정책": "최저마진",
        "유통기한": "2022.01.10.",
        "정상 소비자가": "36,000원",
        "마마캣 판매가": "27,200원",
        "원산지": "태국",
        "제조자 | 수입자": "Unicord Public Co.,Ltd.",
        "사용 연령": "노령묘(7세이상)",
        "100g 가격": "1192원",
        "포장단위별 용량, 수량": "95g × 24개",
        "법에 의한 인증 및 허가": "사료관리법에 따른 수입신고를 필함",
        "원료구성": "참치, 소고기 등",
        "성분구성": "조단백 9.0%이상, 조지방 0.005% 이상, 조섬유 1.0% 이하, 조회분 3.0% 이하, 칼슘 0.01% 이상, 인 0.03% 이상, 수분 88.0% 이하",
        "현재 재고 수량": "6개",
        "소비자 상담 전화": "마마캣 고객센터 (1544-6141)"
    },
    {
        "id": 191,
        "name": "네츄럴코어 시니어 참치와 소고기 95g",
        "image": "https://mamacat.co.kr/web/product/big/20200512/032e45a06d9e9aaae8bc7a165192a434.jpg",
        "가격정책": "최저마진",
        "유통기한": "2022.01.10.",
        "정상 소비자가": "1,500원",
        "마마캣 판매가": "1,270원",
        "원산지": "태국",
        "제조자 | 수입자": "Unicord Public Co.,Ltd.",
        "사용 연령": "노령묘(7세이상)",
        "100g 가격": "1336원",
        "포장단위별 용량, 수량": "95g",
        "법에 의한 인증 및 허가": "사료관리법에 따른 수입신고를 필함",
        "원료구성": "참치, 소고기 등",
        "성분구성": "조단백 9.0%이상, 조지방 0.005% 이상, 조섬유 1.0% 이하, 조회분 3.0% 이하, 칼슘 0.01% 이상, 인 0.03% 이상, 수분 88.0% 이하",
        "현재 재고 수량": "27개",
        "소비자 상담 전화": "마마캣 고객센터 (1544-6141)"
    },
    {
        "id": 192,
        "name": "네츄럴코어 시니어 참치와 호박캔 95g × 24개",
        "image": "https://mamacat.co.kr/web/product/big/20200512/d4a98e833f77fac1d8a3b27aa7840921.jpg",
        "가격정책": "최저마진",
        "유통기한": "2022.10.22.",
        "정상 소비자가": "36,000원",
        "마마캣 판매가": "27,200원",
        "원산지": "태국",
        "제조자 | 수입자": "Unicord Public Co.,Ltd.",
        "사용 연령": "노령묘(7세이상)",
        "100g 가격": "1192원",
        "포장단위별 용량, 수량": "95g × 24개",
        "법에 의한 인증 및 허가": "사료관리법에 따른 수입신고를 필함",
        "원료구성": "참치, 호박 등",
        "성분구성": "조단백 9.0% 이상, 조지방 0.005% 이상, 조섬유 1.0% 이하, 조회분 3.0% 이하, 칼슘 0.001% 이상, 인 0.03% 이상, 수분 88.0% 이하",
        "현재 재고 수량": "5개",
        "소비자 상담 전화": "마마캣 고객센터 (1544-6141)"
    },
    {
        "id": 193,
        "name": "네츄럴코어 시니어 참치와 호박캔 95g",
        "image": "https://mamacat.co.kr/web/product/big/20200512/00529d508aa42cf6c8fcfce20f9154e2.jpg",
        "가격정책": "최저마진",
        "유통기한": "2022.10.22.",
        "정상 소비자가": "1,500원",
        "마마캣 판매가": "1,270원",
        "원산지": "태국",
        "제조자 | 수입자": "Unicord Public Co.,Ltd.",
        "사용 연령": "노령묘(7세이상)",
        "100g 가격": "1336원",
        "포장단위별 용량, 수량": "95g",
        "법에 의한 인증 및 허가": "사료관리법에 따른 수입신고를 필함",
        "원료구성": "참치, 호박 등",
        "성분구성": "조단백 9.0% 이상, 조지방 0.005% 이상, 조섬유 1.0% 이하, 조회분 3.0% 이하, 칼슘 0.001% 이상, 인 0.03% 이상, 수분 88.0% 이하",
        "현재 재고 수량": "21개",
        "소비자 상담 전화": "마마캣 고객센터 (1544-6141)"
    },
    {
        "id": 194,
        "name": "네츄럴코어 캣 노그레인 슬림다운 1kg",
        "image": "https://mamacat.co.kr/web/product/big/20191118/68e99df80afd755f5947557ac00e475d.jpg",
        "상품 간략설명": "성묘용 | 유기농 (1421원/100g당)",
        "가격정책": "최저마진",
        "유통기한": "2022.02.01.",
        "박집사 한마디": "그레인프리 사료이지만, 칼로리가 낮고 포만감이 오래 가서 다이어트에 도움이 됩니다 :)",
        "사료등급": "유기농",
        "정상 소비자가": "20,000원",
        "마마캣 판매가": "14,210원",
        "원산지": "대한민국",
        "제조자 | 수입자": "(주)이레본",
        "사용 연령": "성묘용 (12개월 이상)",
        "100g 가격": "1421원",
        "포장단위별 용량, 수량": "1kg",
        "법에 의한 인증 및 허가": "사료관리법에 따른 수입신고를 필함",
        "원료구성": "뼈를 발라낸 유기농 닭고기, 뼈를 발라낸 연어, 유기농 고구마, 유기농 통아마씨, 유기농 이소말토올리고당, 비트펄프, 연어오일, 유기농천연향미제, 인산칼슘, 유기농 계란, 유기농 닭기름, 씨벅턴나무열매, 천일염, 구연산칼륨, 마그네슘, 등 (상세페이지 참고)",
        "성분구성": "조단백 30.0%이상, 조지방 8.0%이상, 칼슘 0.7%이상, 인 0.9%이하, 조회분 8.0%이하, 조섬유 10.0%이하, 오메가3 0.25%이상, 오메가6 1.60%이상, 타우린 0.25%이상, 칼로리 335Kcal/100g",
        "현재 재고 수량": "6개",
        "소비자 상담 전화": "마마캣 고객센터 (1544-6141)",
        "제품 포장 유형": "소분포장"
    },
    {
        "id": 195,
        "name": "네츄럴코어 캣 노그레인 슬림다운 5.6kg",
        "image": "https://mamacat.co.kr/web/product/big/20191118/06a449ea2d40044c94cc614314a2c835.jpg",
        "상품 간략설명": "성묘용 | 유기농 (1165원/100g당)",
        "가격정책": "최저마진",
        "유통기한": "2022.09.10.",
        "박집사 한마디": "그레인프리 사료이지만, 칼로리가 낮고 포만감이 오래 가서 다이어트에 도움이 됩니다 :)",
        "사료등급": "유기농",
        "정상 소비자가": "85,000원",
        "마마캣 판매가": "65,290원",
        "원산지": "대한민국",
        "제조자 | 수입자": "(주)이레본",
        "사용 연령": "성묘용 (12개월 이상)",
        "100g 가격": "1165원",
        "포장단위별 용량, 수량": "5.6kg",
        "법에 의한 인증 및 허가": "사료관리법에 따른 수입신고를 필함",
        "원료구성": "뼈를 발라낸 유기농 닭고기, 뼈를 발라낸 연어, 유기농 고구마, 유기농 통아마씨, 유기농 이소말토올리고당, 비트펄프, 연어오일, 유기농천연향미제, 인산칼슘, 유기농 계란, 유기농 닭기름, 씨벅턴나무열매, 천일염, 구연산칼륨, 마그네슘, 등 (상세페이지 참고)",
        "성분구성": "조단백 30.0%이상, 조지방 8.0%이상, 칼슘 0.7%이상, 인 0.9%이하, 조회분 8.0%이하, 조섬유 10.0%이하, 오메가3 0.25%이상, 오메가6 1.60%이상, 타우린 0.25%이상, 칼로리 335Kcal/100g",
        "현재 재고 수량": "5개",
        "소비자 상담 전화": "마마캣 고객센터 (1544-6141)",
        "제품 포장 유형": "소분포장"
    },
    {
        "id": 196,
        "name": "네츄럴코어 캣 베네 M47 인도어 7.2kg",
        "image": "https://mamacat.co.kr/web/product/big/20191118/32e5da0cb00634c50ed1109e0badefe6.jpg",
        "상품 간략설명": "전연령 | 유기농 (639원/100g당)",
        "가격정책": "최저마진",
        "유통기한": "2022.09.21.",
        "박집사 한마디": "항생제, 화학비료, 합성착색료, GMO와 같은 유해물질을 사용하지 않은 사료입니다. 다양한 단백질원을 1차 가공만을 거쳐 만들어내 소화흡수율이 뛰어납니다.",
        "사료등급": "유기농",
        "정상 소비자가": "54,000원",
        "마마캣 판매가": "45,980원",
        "원산지": "대한민국",
        "제조자 | 수입자": "(주)이레본",
        "사용 연령": "전연령 (3개월 이상)",
        "100g 가격": "639원",
        "포장단위별 용량, 수량": "7.2kg",
        "법에 의한 인증 및 허가": "사료관리법에 따른 수입신고를 필함",
        "원료구성": "뼈를 발라낸 양고기, 뼈를 발라낸 닭고기, 통곡물 시리얼, 생선분말, 닭기름, 사탕무펄프, 우유분말, 생선오일, 인산칼슘, 비타민나무열매, 이눌린, 타우린, DL-메티오닌, 천일염, 당근, 시금치, 미나리, 유기농 천연향미제, 등 (상세페이지 참고)",
        "성분구성": "조단백 26.0%이상, 조지방 15.0%이상, 조회분 8.0%이하, 조섬유 6.0%이하, 칼슘 0.9%이상, 인 0.4%이상, 수분 9.0%이하",
        "현재 재고 수량": "6개",
        "소비자 상담 전화": "마마캣 고객센터 (1544-6141)",
        "제품 포장 유형": "소분포장"
    },
    {
        "id": 197,
        "name": "네츄럴코어 캣 베네 M70 인도어 필라인 오리&연어 10kg",
        "image": "https://mamacat.co.kr/web/product/big/20191118/011ff0d0ca00f4931c6ae873e09ec9d2.jpg",
        "상품 간략설명": "전연령 | 유기농 (570원/100g당)",
        "가격정책": "최저마진",
        "유통기한": "2022.09.15.",
        "박집사 한마디": "술 취해서 시리얼처럼 먹었다는 고객님의 후기가 보이네요.. 네.. 유기농 사료입니다..",
        "사료등급": "유기농",
        "정상 소비자가": "65,000원",
        "마마캣 판매가": "57,000원",
        "원산지": "대한민국",
        "제조자 | 수입자": "(주)하이원",
        "사용 연령": "전연령 (3개월 이상)",
        "100g 가격": "570원",
        "포장단위별 용량, 수량": "10kg",
        "법에 의한 인증 및 허가": "사료관리법에 따른 수입신고를 필함",
        "원료구성": "뼈를 발라낸 오리살코기, 뼈를 발라낸 연어, 유기농감자, 유기농콩, 닭기름, 유기농아마씨, 유기농보리, 프락토올리고당, 인산칼슘, 천연향미제, 비타민나무열매, 알긴산올리고당, 타우린, 염화콜린, 유기농당근, 유기농시금치, 유기농미나리, 등 (상세페이지 참고)",
        "성분구성": "조단백 28.0%이상, 조지방 15.0%이상, 조회분 8.0%이하, 조섬유 6.0%이하, 칼슘 0.9%이상, 인 1.5%이하, 수분 10.0%이하",
        "현재 재고 수량": "7개",
        "소비자 상담 전화": "마마캣 고객센터 (1544-6141)",
        "제품 포장 유형": "소분포장"
    },
    {
        "id": 198,
        "name": "네츄럴코어 캣 베네 M70 인도어 필라인 오리&연어 3kg",
        "image": "https://mamacat.co.kr/web/product/big/20191118/1046b478d57dd87eb9d1eef3a191969e.jpg",
        "상품 간략설명": "전연령 | 유기농 (665원/100g당)",
        "가격정책": "최저마진",
        "유통기한": "2022.09.15.",
        "박집사 한마디": "술 취해서 시리얼처럼 먹었다는 고객님의 후기가 보이네요.. 네.. 유기농 사료입니다..",
        "사료등급": "유기농",
        "정상 소비자가": "27,000원",
        "마마캣 판매가": "19,940원",
        "원산지": "대한민국",
        "제조자 | 수입자": "(주)하이원",
        "사용 연령": "전연령 (3개월 이상)",
        "100g 가격": "665원",
        "포장단위별 용량, 수량": "3kg",
        "법에 의한 인증 및 허가": "사료관리법에 따른 수입신고를 필함",
        "원료구성": "뼈를 발라낸 오리살코기, 뼈를 발라낸 연어, 유기농감자, 유기농콩, 닭기름, 유기농아마씨, 유기농보리, 프락토올리고당, 인산칼슘, 천연향미제, 비타민나무열매, 알긴산올리고당, 타우린, 염화콜린, 유기농당근, 유기농시금치, 유기농미나리, 등 (상세페이지 참고)",
        "성분구성": "조단백 28.0%이상, 조지방 15.0%이상, 조회분 8.0%이하, 조섬유 6.0%이하, 칼슘 0.9%이상, 인 1.5%이하, 수분 10.0%이하",
        "현재 재고 수량": "5개",
        "소비자 상담 전화": "마마캣 고객센터 (1544-6141)",
        "제품 포장 유형": "소분포장"
    },
    {
        "id": 199,
        "name": "네츄럴코어 캣 유기농 95% 멀티프로틴 2.4kg",
        "image": "https://mamacat.co.kr/web/product/big/20191118/d88bb48829edc4476fa89151eedcabbf.jpg",
        "상품 간략설명": "전연령 | 유기농 (1,119원/100g당)",
        "가격정책": "최저마진",
        "유통기한": "2022.07.14",
        "박집사 한마디": "프로바이오틱스를 함유하여 장 건강에 도움을 줍니다. 또한 면역력 강화에 도움이 되어요 :)",
        "사료등급": "유기농",
        "정상 소비자가": "38,000원",
        "마마캣 판매가": "26,860원",
        "원산지": "대한민국",
        "제조자 | 수입자": "(주)이레본",
        "사용 연령": "전연령 (3개월 이상)",
        "100g 가격": "1,119원",
        "포장단위별 용량, 수량": "2.4kg",
        "법에 의한 인증 및 허가": "사료관리법에 따른 수입신고를 필함",
        "원료구성": "뼈를 발라낸 유기농 닭 살코기, 유기농 통현미, 유기농 콩, 유기농 통들깨, 유기농 통참깨, 유기농 해바리기씨분말, 유기농 계란, 유기농 닭기름, 유기농 통보리, 유기농 천연향미제, 유기농 통귀리, 유기농 닭연골 등",
        "성분구성": "조단백 30.0%이상, 조지방 15.0%이상, 칼슘 1.0%이상, 인 1.2%이하, 조회분 8.0%이하, 조섬유 6.0%이하, 수분 9.0%이하",
        "현재 재고 수량": "7개",
        "소비자 상담 전화": "마마캣 고객센터 (1544-6141)",
        "제품 포장 유형": "소분포장"
    },
    {
        "id": 200,
        "name": "네츄럴코어 캣 유기농 95% 멀티프로틴 5.6kg",
        "image": "https://mamacat.co.kr/web/product/big/20191118/4e76065c79e39275349a0e5ba20789bd.jpg",
        "상품 간략설명": "전연령 | 유기농 (908원/100g당)",
        "가격정책": "최저마진",
        "유통기한": "2022.09.02.",
        "박집사 한마디": "프로바이오틱스를 함유하여 장 건강에 도움을 줍니다. 또한 면역력 강화에 도움이 되어요 :)",
        "사료등급": "유기농",
        "정상 소비자가": "77,000원",
        "마마캣 판매가": "50,880원",
        "원산지": "대한민국",
        "제조자 | 수입자": "(주)이레본",
        "사용 연령": "전연령 (3개월 이상)",
        "100g 가격": "908원",
        "포장단위별 용량, 수량": "5.6kg",
        "법에 의한 인증 및 허가": "사료관리법에 따른 수입신고를 필함",
        "원료구성": "뼈를 발라낸 유기농 닭 살코기, 유기농 통현미, 유기농 콩, 유기농 통들깨, 유기농 통참깨, 유기농 해바리기씨분말, 유기농 계란, 유기농 닭기름, 유기농 통보리, 유기농 천연향미제, 유기농 통귀리, 유기농 닭연골 등",
        "성분구성": "조단백 30.0%이상, 조지방 15.0%이상, 칼슘 1.0%이상, 인 1.2%이하, 조회분 8.0%이하, 조섬유 6.0%이하, 수분 9.0%이하",
        "현재 재고 수량": "3개",
        "소비자 상담 전화": "마마캣 고객센터 (1544-6141)",
        "제품 포장 유형": "소분포장"
    },
    {
        "id": 201,
        "name": "뉴로 프리스타일 캣 캣앤키튼 치킨&대구 2.27kg",
        "image": "https://mamacat.co.kr/web/product/big/20191118/521cc35ae9465a010347fedb563e050a.jpg",
        "상품 간략설명": "전연령 | 홀리스틱 (1299원/100g당)",
        "가격정책": "마마캣 회원등급 할인 상품",
        "유통기한": "2022.05.10.",
        "박집사 한마디": "GMO프리, 글루텐프리, 그레인프리, 동물성 단백질 80%이상, 4중 코팅된 프로바이오틱스 함유! 가격대비 정말 훌륭하죠 :)",
        "사료등급": "홀리스틱",
        "정상 소비자가": "38,000원",
        "마마캣 판매가": "29,490원",
        "가장 높은 회원등급 할인 적용시 구매가": "28,020원 (최대 1,470원 할인)",
        "원산지": "미국",
        "제조자 | 수입자": "Nulo lnc. Austin, Texas 78746. USA",
        "사용 연령": "전연령 (3개월 이상)",
        "100g 가격": "1299원",
        "포장단위별 용량, 수량": "2.27kg",
        "법에 의한 인증 및 허가": "사료관리법에 따른 수입신고를 필함",
        "원료구성": "뼈를제거한계육, 계분, 칠면조분, 뼈를발라낸대구, 완두콩, 렌틸콩, 닭지방, 천연향, 완두섬유, 아마씨, 건치커리뿌리, 건다시마, 건고구마, 건크렌베리, 탄산칼슘, DL-메싸이오닌, 타우린, 아연단백화합제, 염화콜린, 비타민E보충제 등",
        "성분구성": "조단백 40%이상, 조지방 20%이상, 조섬유 4.0%이하, 조회분 8.5%이하, 수분 10%이하, 칼슘 1.1%이상, 인 0.9%이상",
        "현재 재고 수량": "5개",
        "소비자 상담 전화": "마마캣 고객센터 (1544-6141)",
        "제품 포장 유형": "통포장 (지퍼팩 있음)"
    },
    {
        "id": 202,
        "name": "뉴로 프리스타일 캣 캣앤키튼 치킨&대구 5.44kg",
        "image": "https://mamacat.co.kr/web/product/big/20191118/0c96eb4b9d91bcf93db5e8cbc10c8326.jpg",
        "상품 간략설명": "전연령 | 홀리스틱 (1,011원/100g당)",
        "가격정책": "마마캣 회원등급 할인 상품",
        "유통기한": "2022.04.12.",
        "박집사 한마디": "GMO프리, 글루텐프리, 그레인프리, 동물성 단백질 80%이상, 4중 코팅된 프로바이오틱스 함유! 가격대비 정말 훌륭하죠 :)",
        "사료등급": "홀리스틱",
        "정상 소비자가": "67,000원",
        "마마캣 판매가": "55,000원",
        "가장 높은 회원등급 할인 적용시 구매가": "52,250원 (최대 2,750원 할인)",
        "원산지": "미국",
        "제조자 | 수입자": "Nulo lnc. Austin, Texas 78746. USA",
        "사용 연령": "전연령 (3개월 이상)",
        "100g 가격": "1,011원",
        "포장단위별 용량, 수량": "5.44kg",
        "법에 의한 인증 및 허가": "사료관리법에 따른 수입신고를 필함",
        "원료구성": "뼈를 제거한 계육, 계분, 칠면조분, 뼈를 발라낸 대구, 완두콩, 렌틸콩, 닭지방, 천연향, 완두섬유, 아마씨, 건치커리뿌리, 건다시마, 건고구마, 건크렌베리, 탄산칼슘, DL-메싸이오닌, 타우린, 아연단백화합제, 염화콜린, 비타민E보충제 등",
        "성분구성": "조단백 40%이상, 조지방 20%이상, 조섬유 4.0%이하, 조회분 8.5%이하, 수분 10%이하, 칼슘 1.1%이상, 인 0.9%이상",
        "현재 재고 수량": "9개",
        "소비자 상담 전화": "마마캣 고객센터 (1544-6141)",
        "제품 포장 유형": "통포장 (지퍼팩 있음)"
    },
    {
        "id": 203,
        "name": "뉴웨이브 고양이캔 아이러브큐빅 4종 맛보기 80g × 4개",
        "image": "https://mamacat.co.kr/web/product/big/201709/9893_shop1_871397.png",
        "가격정책": "최저마진",
        "유통기한": "각 상품의 상세페이지 참고",
        "정상 소비자가": "6,000원",
        "마마캣 판매가": "5,320원",
        "원산지": "태국",
        "제조자 | 수입자": "뉴웨이브",
        "사용 연령": "4개월 이상 추천",
        "100g 가격": "1,662원",
        "포장단위별 용량, 수량": "80g × 4개",
        "법에 의한 인증 및 허가": "사료관리법에 따른 수입신고를 필함",
        "원료구성": "각 상세페이지 참고",
        "성분구성": "각 상세페이지 참고",
        "현재 재고 수량": "7개",
        "소비자 상담 전화": "마마캣 고객센터 (1544-6141)"
    },
    {
        "id": 204,
        "name": "뉴웨이브 고양이캔 아이러브큐빅 4종 혼합 80g × 24개",
        "image": "https://mamacat.co.kr/web/product/big/201709/9894_shop1_394579.jpg",
        "가격정책": "최저마진",
        "유통기한": "각 상품의 상세페이지 참고",
        "정상 소비자가": "36,000원",
        "마마캣 판매가": "30,880원",
        "원산지": "태국",
        "제조자 | 수입자": "뉴웨이브",
        "사용 연령": "4개월 이상 추천",
        "100g 가격": "1,608원",
        "포장단위별 용량, 수량": "80g × 24개",
        "법에 의한 인증 및 허가": "사료관리법에 따른 수입신고를 필함",
        "원료구성": "각 상세페이지 참고",
        "성분구성": "각 상세페이지 참고",
        "현재 재고 수량": "3개",
        "소비자 상담 전화": "마마캣 고객센터 (1544-6141)"
    },
    {
        "id": 205,
        "name": "뉴웨이브 고양이캔 아이러브큐빅 참치&닭간 80g × 24개",
        "image": "https://mamacat.co.kr/web/product/big/201709/9898_shop1_589337.jpg",
        "가격정책": "최저마진",
        "유통기한": "2022.06.10.",
        "정상 소비자가": "36,000원",
        "마마캣 판매가": "30,880원",
        "원산지": "태국",
        "제조자 | 수입자": "뉴웨이브",
        "사용 연령": "4개월 이상 추천",
        "100g 가격": "1,608원",
        "포장단위별 용량, 수량": "80g × 24개",
        "법에 의한 인증 및 허가": "사료관리법에 따른 수입신고를 필함",
        "원료구성": "참치, 닭간, 그레이비",
        "성분구성": "조단백질 9.0%이상, 조지방 0.005%이상, 칼슘 0.001%이상, 인 0.03%이상, 조섬유 1.0%이하, 조회분 3.0%이하, 수분 88.0%이하",
        "현재 재고 수량": "5개",
        "소비자 상담 전화": "마마캣 고객센터 (1544-6141)"
    },
    {
        "id": 206,
        "name": "뉴웨이브 고양이캔 아이러브큐빅 참치&닭간 80g",
        "image": "https://mamacat.co.kr/web/product/big/201709/9891_shop1_248552.jpg",
        "가격정책": "최저마진",
        "유통기한": "2022.06.10.",
        "정상 소비자가": "1,500원",
        "마마캣 판매가": "1,350원",
        "원산지": "태국",
        "제조자 | 수입자": "뉴웨이브",
        "사용 연령": "4개월 이상 추천",
        "100g 가격": "1,687원",
        "포장단위별 용량, 수량": "80g",
        "법에 의한 인증 및 허가": "사료관리법에 따른 수입신고를 필함",
        "원료구성": "참치, 닭간, 그레이비",
        "성분구성": "조단백질 9.0%이상, 조지방 0.005%이상, 칼슘 0.001%이상, 인 0.03%이상, 조섬유 1.0%이하, 조회분 3.0%이하, 수분 88.0%이하",
        "현재 재고 수량": "19개",
        "소비자 상담 전화": "마마캣 고객센터 (1544-6141)"
    },
    {
        "id": 207,
        "name": "뉴웨이브 고양이캔 아이러브큐빅 참치&닭고기 80g × 24개",
        "image": "https://mamacat.co.kr/web/product/big/201709/9895_shop1_976774.jpg",
        "가격정책": "최저마진",
        "유통기한": "2023.03.30.",
        "정상 소비자가": "36,000원",
        "마마캣 판매가": "30,880원",
        "원산지": "태국",
        "제조자 | 수입자": "뉴웨이브",
        "사용 연령": "4개월 이상 추천",
        "100g 가격": "1,608원",
        "포장단위별 용량, 수량": "80g × 24개",
        "법에 의한 인증 및 허가": "사료관리법에 따른 수입신고를 필함",
        "원료구성": "참치, 닭고기, 그레이비",
        "성분구성": "조단백질 9.0%이상, 조지방 0.005%이상, 칼슘 0.001%이상, 인 0.03%이상, 조섬유 1.0%이하, 조회분 3.0%이하, 수분 88.0%이하",
        "현재 재고 수량": "7개",
        "소비자 상담 전화": "마마캣 고객센터 (1544-6141)"
    },
    {
        "id": 208,
        "name": "뉴웨이브 고양이캔 아이러브큐빅 참치&닭고기 80g",
        "image": "https://mamacat.co.kr/web/product/big/201709/9889_shop1_775922.jpg",
        "가격정책": "최저마진",
        "유통기한": "2023.03.30.",
        "정상 소비자가": "1,500원",
        "마마캣 판매가": "1,350원",
        "원산지": "태국",
        "제조자 | 수입자": "뉴웨이브",
        "사용 연령": "4개월 이상 추천",
        "100g 가격": "1,687원",
        "포장단위별 용량, 수량": "80g",
        "법에 의한 인증 및 허가": "사료관리법에 따른 수입신고를 필함",
        "원료구성": "참치, 닭고기, 그레이비",
        "성분구성": "조단백질 9.0%이상, 조지방 0.005%이상, 칼슘 0.001%이상, 인 0.03%이상, 조섬유 1.0%이하, 조회분 3.0%이하, 수분 88.0%이하",
        "현재 재고 수량": "18개",
        "소비자 상담 전화": "마마캣 고객센터 (1544-6141)"
    },
    {
        "id": 209,
        "name": "뉴웨이브 고양이캔 아이러브큐빅 참치&도미 80g × 24개",
        "image": "https://mamacat.co.kr/web/product/big/201709/9897_shop1_406288.jpg",
        "가격정책": "최저마진",
        "유통기한": "2023.03.30.",
        "정상 소비자가": "36,000원",
        "마마캣 판매가": "30,880원",
        "원산지": "태국",
        "제조자 | 수입자": "뉴웨이브",
        "사용 연령": "4개월 이상 추천",
        "100g 가격": "1,608원",
        "포장단위별 용량, 수량": "80g × 24개",
        "법에 의한 인증 및 허가": "사료관리법에 따른 수입신고를 필함",
        "원료구성": "참치, 도미, 그레이비",
        "성분구성": "조단백질 9.0%이상, 조지방 0.005%이상, 칼슘 0.001%이상, 인 0.03%이상, 조섬유 1.0%이하, 조회분 3.0%이하, 수분 88.0%이하",
        "현재 재고 수량": "8개",
        "소비자 상담 전화": "마마캣 고객센터 (1544-6141)"
    },
    {
        "id": 210,
        "name": "뉴웨이브 고양이캔 아이러브큐빅 참치&도미 80g",
        "image": "https://mamacat.co.kr/web/product/big/201709/9890_shop1_223434.jpg",
        "가격정책": "최저마진",
        "유통기한": "2023.03.30.",
        "정상 소비자가": "1,500원",
        "마마캣 판매가": "1,350원",
        "원산지": "태국",
        "제조자 | 수입자": "뉴웨이브",
        "사용 연령": "4개월 이상 추천",
        "100g 가격": "1,687원",
        "포장단위별 용량, 수량": "80g",
        "법에 의한 인증 및 허가": "사료관리법에 따른 수입신고를 필함",
        "원료구성": "참치, 도미, 그레이비",
        "성분구성": "조단백질 9.0%이상, 조지방 0.005%이상, 칼슘 0.001%이상, 인 0.03%이상, 조섬유 1.0%이하, 조회분 3.0%이하, 수분 88.0%이하",
        "현재 재고 수량": "18개",
        "소비자 상담 전화": "마마캣 고객센터 (1544-6141)"
    },
    {
        "id": 211,
        "name": "뉴웨이브 고양이캔 아이러브큐빅 참치&새우 80g × 24개",
        "image": "https://mamacat.co.kr/web/product/big/201709/9899_shop1_830290.jpg",
        "가격정책": "최저마진",
        "유통기한": "2022.06.10.",
        "정상 소비자가": "36,000원",
        "마마캣 판매가": "30,880원",
        "원산지": "태국",
        "제조자 | 수입자": "뉴웨이브",
        "사용 연령": "4개월 이상 추천",
        "100g 가격": "1,608원",
        "포장단위별 용량, 수량": "80g × 24개",
        "법에 의한 인증 및 허가": "사료관리법에 따른 수입신고를 필함",
        "원료구성": "참치, 새우, 그레이비",
        "성분구성": "조단백질 9.0%이상, 조지방 0.005%이상, 칼슘 0.001%이상, 인 0.03%이상, 조섬유 1.0%이하, 조회분 3.0%이하, 수분 88.0%이하",
        "현재 재고 수량": "4개",
        "소비자 상담 전화": "마마캣 고객센터 (1544-6141)"
    },
    {
        "id": 212,
        "name": "뉴웨이브 고양이캔 아이러브큐빅 참치&새우 80g",
        "image": "https://mamacat.co.kr/web/product/big/201709/9892_shop1_756874.jpg",
        "가격정책": "최저마진",
        "유통기한": "2022.06.10.",
        "정상 소비자가": "1,500원",
        "마마캣 판매가": "1,350원",
        "원산지": "태국",
        "제조자 | 수입자": "뉴웨이브",
        "사용 연령": "4개월 이상 추천",
        "100g 가격": "1,687원",
        "포장단위별 용량, 수량": "80g",
        "법에 의한 인증 및 허가": "사료관리법에 따른 수입신고를 필함",
        "원료구성": "참치, 새우, 그레이비",
        "성분구성": "조단백질 9.0%이상, 조지방 0.005%이상, 칼슘 0.001%이상, 인 0.03%이상, 조섬유 1.0%이하, 조회분 3.0%이하, 수분 88.0%이하",
        "현재 재고 수량": "22개",
        "소비자 상담 전화": "마마캣 고객센터 (1544-6141)"
    },
    {
        "id": 213,
        "name": "뉴웨이브 홀리스틱 캣 2.4kg",
        "image": "https://mamacat.co.kr/web/product/big/20191118/d81168e554c5252efea80fb5570eaec0.jpg",
        "상품 간략설명": "전연령 | 유기농 (963원/100g당)",
        "가격정책": "최저마진",
        "유통기한": "2022.08.15.",
        "박집사 한마디": "프리바이오틱스와 프로바이오틱스를 함유하며, 소화흡수율이 높아 변냄새가 감소합니다. 대체로 기호성이 좋다는 평이 많아요 :)",
        "사료등급": "유기농",
        "정상 소비자가": "35,000원",
        "마마캣 판매가": "23,100원",
        "원산지": "대한민국",
        "제조자 | 수입자": "(주)하이원",
        "사용 연령": "전연령 (3개월 이상)",
        "100g 가격": "963원",
        "포장단위별 용량, 수량": "2.4kg",
        "법에 의한 인증 및 허가": "사료관리법에 따른 수입신고를 필함",
        "원료구성": "유기농 통곡물 시리얼, 뼈를 발라낸 연어, 양고기, 유기농 해바라기씨분말, 닭기름, 사탕무펄프, 들깨분말, 연어오일, 우유분말, 유기농 천연향미제, 인산칼슘, 천일염, 홍삼, 타우린, 유키시디게라추출물, 알긴산올리고당, 유기농 당근, 등 (상세페이지 참고)",
        "성분구성": "조단백 30.0%이상, 조지방 16.0%이상, 조섬유 6.0%이하, 조회분 8.0%이하, 칼슘 0.9%이상, 인 1.1%이하",
        "현재 재고 수량": "8개",
        "소비자 상담 전화": "마마캣 고객센터 (1544-6141)",
        "제품 포장 유형": "소분포장"
    },
    {
        "id": 214,
        "name": "뉴웨이브 홀리스틱 캣 4.8kg",
        "image": "https://mamacat.co.kr/web/product/big/20191118/87b59566e99e7b1a2ad9eadc3d18381d.jpg",
        "상품 간략설명": "전연령 | 유기농 (877원/100g당)",
        "가격정책": "최저마진",
        "유통기한": "2022.08.15.",
        "박집사 한마디": "프리바이오틱스와 프로바이오틱스를 함유하며, 소화흡수율이 높아 변냄새가 감소합니다. 대체로 기호성이 좋다는 평이 많아요 :)",
        "사료등급": "유기농",
        "정상 소비자가": "55,000원",
        "마마캣 판매가": "42,100원",
        "원산지": "대한민국",
        "제조자 | 수입자": "(주)하이원",
        "사용 연령": "전연령 (3개월 이상)",
        "100g 가격": "877원",
        "포장단위별 용량, 수량": "4.8kg",
        "법에 의한 인증 및 허가": "사료관리법에 따른 수입신고를 필함",
        "원료구성": "유기농 통곡물 시리얼, 뼈를 발라낸 연어, 양고기, 유기농 해바라기씨분말, 닭기름, 사탕무펄프, 들깨분말, 연어오일, 우유분말, 유기농 천연향미제, 인산칼슘, 천일염, 홍삼, 타우린, 유키시디게라추출물, 알긴산올리고당, 유기농 당근, 등 (상세페이지 참고)",
        "성분구성": "조단백 30.0%이상, 조지방 16.0%이상, 조섬유 6.0%이하, 조회분 8.0%이하, 칼슘 0.9%이상, 인 1.1%이하",
        "현재 재고 수량": "13개",
        "소비자 상담 전화": "마마캣 고객센터 (1544-6141)",
        "제품 포장 유형": "소분포장"
    },
    {
        "id": 215,
        "name": "뉴트로 내추럴 초이스 캣 센시티브 어덜트 닭고기, 쌀과 콩 2.27kg",
        "image": "https://mamacat.co.kr/web/product/big/202009/cc07910b6899da7552da2bb31848040f.jpg",
        "상품 간략설명": "성묘용 | 홀리스틱 (1204원/100g당)",
        "가격정책": "최저마진",
        "유통기한": "2022.01.18.",
        "사료등급": "홀리스틱",
        "정상 소비자가": "35,000원",
        "마마캣 판매가": "27,350원",
        "원산지": "미국",
        "제조자 | 수입자": "The Nutro Company | 한국마즈",
        "사용 연령": "성묘용 (12개월 이상)",
        "100g 가격": "1,204원",
        "포장단위별 용량, 수량": "2.27kg",
        "법에 의한 인증 및 허가": "등록번호 : 제 서울 23537호",
        "원료구성": "닭고기, 건조닭고기, 싸라기, 완두콩 단백질, 통현미, 알팔파가루, 닭고기 지방 (혼합토코페롤로 보존), 감자 단백질, 분말 사탕무우, 아마씨, 대두유 (혼합토코페롤로 보존), 귀리 섬유질, 천연향료, 염화칼륨, 염화콜린, DL-메티오닌, 소금, 혼합토코페롤, 구연산 등",
        "성분구성": "조단백질 33%이상, 조지방 14%이상, 조섬유 7%이하, 조회분 8.3%이하, 칼슘 0.9%이상, 인 0.5%이상, 수분 10%이하",
        "현재 재고 수량": "5개",
        "소비자 상담 전화": "마마캣 고객센터(1588-6141)",
        "제품 포장 유형": "지퍼팩이 있는 비닐포장",
        "권장 급여량": "(1일/종이컵) 1.8kg 이하 : 0.4컵 1.8~3.6kg : 0.6컵 3.6~5.4kg : 0.8컵 5.4~7.4kg : 0.9컵 7.4~9.1kg : 1.2컵",
        "제품 보관방법": "직사광선이 없는 곳에 실온보관",
        "제품 타입": "건사료"
    },
    {
        "id": 216,
        "name": "뉴트로 내추럴 초이스 캣 어덜트 체중관리용 닭고기와 현미 2.95kg",
        "image": "https://mamacat.co.kr/web/product/big/20200409/3ae54037912329ff0b6015c17423b8d0.jpg",
        "상품 간략설명": "성묘용 | 홀리스틱 (980원/100g당)",
        "가격정책": "최저마진",
        "유통기한": "2022.03.17.",
        "사료등급": "홀리스틱",
        "정상 소비자가": "40,000원",
        "마마캣 판매가": "28,900원",
        "원산지": "미국",
        "제조자 | 수입자": "The Nutro Company | 한국마즈",
        "사용 연령": "성묘용 (12개월 이상)",
        "100g 가격": "980원",
        "포장단위별 용량, 수량": "2.95kg",
        "법에 의한 인증 및 허가": "사료관리법에 따른 수입신고를 필함",
        "원료구성": "닭고기, 건조닭고기, 완두콩 단백질, 통현미, 싸라기, 말린완두콩, 알팔파가루, 분말 사탕무우, 감자 단백질, 귀리 섬유질, 닭고기 지방, 쌀겨, 천연향료, 건조연어, 염화칼륨, 염화콜린, DL-메티오닌, 소금, 혼합토코페롤, 구연산, 타우린 등 (상세페이지 참고)",
        "성분구성": "조단백 33.0%이상, 조지방 9.0%이상, 조섬유 8.0%이하, 조회분 8.3%이하, 칼슘 0.8%이상, 인 0.5%이하, 수분 8.5%이하, 칼로리 약 328kcal/100g",
        "현재 재고 수량": "26개",
        "소비자 상담 전화": "마마캣 고객센터 (1544-6141)",
        "제품 포장 유형": "통포장 (벨크로 포장)"
    },
    {
        "id": 217,
        "name": "뉴트로 내추럴 초이스 캣 어덜트 체중관리용 닭고기와 현미 6.35kg",
        "image": "https://mamacat.co.kr/web/product/big/201711/424_shop1_959279.jpg",
        "상품 간략설명": "성묘용 | 홀리스틱 (926원/100g당)",
        "가격정책": "최저마진 - 구매시 사료계량컵 증정",
        "유통기한": "2022.04.11.",
        "사료등급": "홀리스틱",
        "정상 소비자가": "72,000원",
        "마마캣 판매가": "58,810원",
        "원산지": "미국",
        "제조자 | 수입자": "The Nutro Company | 한국마즈",
        "사용 연령": "성묘용 (12개월 이상)",
        "100g 가격": "926원",
        "포장단위별 용량, 수량": "6.35kg",
        "법에 의한 인증 및 허가": "사료관리법에 따른 수입신고를 필함",
        "원료구성": "닭고기, 건조닭고기, 완두콩 단백질, 통현미, 싸라기, 말린완두콩, 알팔파가루, 분말 사탕무우, 감자 단백질, 귀리 섬유질, 닭고기 지방, 쌀겨, 천연향료, 건조연어, 염화칼륨, 염화콜린, DL-메티오닌, 소금, 혼합토코페롤, 구연산, 타우린 등 (상세페이지 참고)",
        "성분구성": "조단백 33.0%이상, 조지방 9.0%이상, 조섬유 8.0%이하, 조회분 8.3%이하, 칼슘 0.8%이상, 인 0.5%이하, 수분 8.5%이하, 칼로리 약 328kcal/100g",
        "현재 재고 수량": "36개",
        "소비자 상담 전화": "마마캣 고객센터 (1544-6141)",
        "제품 포장 유형": "통포장 (지퍼 없음)"
    },
    {
        "id": 218,
        "name": "뉴트로 내추럴 초이스 캣 어덜트 헤어볼 닭고기와 현미 2.27kg",
        "image": "https://mamacat.co.kr/web/product/big/20200409/1696b969c651d245391f17bb3acaca3d.jpg",
        "상품 간략설명": "성묘용 | 홀리스틱 (1205원/100g당)",
        "가격정책": "최저마진",
        "유통기한": "2022.03.22.",
        "사료등급": "홀리스틱",
        "정상 소비자가": "35,000원",
        "마마캣 판매가": "27,350원",
        "원산지": "미국",
        "제조자 | 수입자": "The Nutro Company | 한국마즈",
        "사용 연령": "성묘용 (12개월 이상)",
        "100g 가격": "1205원",
        "포장단위별 용량, 수량": "2.27kg",
        "법에 의한 인증 및 허가": "사료관리법에 따른 수입신고를 필함",
        "원료구성": "닭고기, 건조닭고기, 완두콩 단백질, 통현미, 건조감자, 닭고기 지방, 귀리 섬유질, 알팔파 가루, 감자 단백질, 쌀겨, 통오트밀, 대두유, 천연향료, 차전자피, 염화칼륨, 염화콜린, DL-메티오닌, 소금, 혼합토코페롤, 구연산, 타우린 등 (상세페이지 참고)",
        "성분구성": "조단백 33.0%이상, 조지방 16.0%이상, 조섬유 6.5%이하, 조회분 8.3%이하, 칼슘 0.9%이상, 인 0.5%이상, 수분 10.0%이하, 칼로리 약 367kcal/100g",
        "현재 재고 수량": "37개",
        "소비자 상담 전화": "마마캣 고객센터 (1544-6141)",
        "제품 포장 유형": "통포장 (벨크로 포장)"
    },
    {
        "id": 219,
        "name": "뉴트로 내추럴 초이스 캣 어덜트 헤어볼 닭고기와 현미 6.35kg",
        "image": "https://mamacat.co.kr/web/product/big/20191118/50a4d258826bd27297544c0d944a9884.jpg",
        "상품 간략설명": "성묘용 | 홀리스틱 (981원/100g당)",
        "가격정책": "최저마진 - 구매시 사료계량컵 증정",
        "유통기한": "2022.03.28.",
        "사료등급": "홀리스틱",
        "정상 소비자가": "72,800원",
        "마마캣 판매가": "62,310원",
        "원산지": "미국",
        "제조자 | 수입자": "The Nutro Company | 한국마즈",
        "사용 연령": "성묘용 (12개월 이상)",
        "100g 가격": "981원",
        "포장단위별 용량, 수량": "6.35kg",
        "법에 의한 인증 및 허가": "사료관리법에 따른 수입신고를 필함",
        "원료구성": "닭고기, 건조닭고기, 완두콩 단백질, 통현미, 건조감자, 닭고기 지방, 귀리 섬유질, 알팔파 가루, 감자 단백질, 쌀겨, 통오트밀, 대두유, 천연향료, 차전자피, 염화칼륨, 염화콜린, DL-메티오닌, 소금, 혼합토코페롤, 구연산, 타우린 등 (상세페이지 참고)",
        "성분구성": "조단백 33.0%이상, 조지방 16.0%이상, 조섬유 6.5%이하, 조회분 8.3%이하, 칼슘 0.9%이상, 인 0.5%이상, 수분 10.0%이하, 칼로리 약 367kcal/100g",
        "현재 재고 수량": "34개",
        "소비자 상담 전화": "마마캣 고객센터 (1544-6141)",
        "제품 포장 유형": "통포장 (지퍼 없음)"
    },
    {
        "id": 220,
        "name": "뉴트로 내추럴 초이스 캣 오리지널 어덜트 닭고기와 현미 2.27kg",
        "image": "https://mamacat.co.kr/web/product/big/202009/363977fffa940592f2e0082f06623e28.jpg",
        "상품 간략설명": "성묘용 | 홀리스틱 (1056원/100g당)",
        "가격정책": "최저마진",
        "유통기한": "2021.12.07.",
        "사료등급": "홀리스틱",
        "정상 소비자가": "32,000원",
        "마마캣 판매가": "23,960원",
        "원산지": "미국",
        "제조자 | 수입자": "The Nutro Company | 한국마즈",
        "사용 연령": "성묘용 (12개월 이상)",
        "100g 가격": "1,056원",
        "포장단위별 용량, 수량": "2.27kg",
        "법에 의한 인증 및 허가": "등록번호 : 제 서울 23538호",
        "원료구성": "닭고기, 건조닭고기, 싸라기, 완두콩 단백질, 통현미, 알팔파가루, 닭고기 지방 (혼합토코페롤로 보존), 감자 단백질, 분말 사탕무우, 아마씨, 대두유 (혼합토코페롤로 보존), 귀리 섬유질, 천연향료, 염화칼륨, 염화콜린, DL-메티오닌, 소금, 혼합토코페롤, 구연산 등",
        "성분구성": "조단백질 33%이상, 조지방 14%이상, 조섬유 7%이하, 조회분 8.3%이하, 칼슘 0.9%이상, 인 0.5%이상, 수분 10%이하",
        "현재 재고 수량": "28개",
        "소비자 상담 전화": "마마캣 고객센터(1588-6141)",
        "제품 포장 유형": "지퍼팩이 있는 비닐포장",
        "권장 급여량": "(1일/종이컵) 1.8kg 이하 : 0.4컵 1.8~3.6kg : 0.6컵 3.6~5.4kg : 0.8컵 5.4~7.4kg : 0.9컵 7.4~9.1kg : 1.2컵",
        "제품 보관방법": "직사광선이 없는 곳에 실온보관",
        "제품 타입": "건사료"
    },
    {
        "id": 221,
        "name": "뉴트로 내추럴 초이스 캣 오리지널 어덜트 연어와 현미 2.27kg",
        "image": "https://mamacat.co.kr/web/product/big/20200409/f1c5834b38e7a25b57643e55e447173c.jpg",
        "상품 간략설명": "성묘용 | 홀리스틱 (1056원/100g당)",
        "가격정책": "최저마진",
        "유통기한": "2022.02.23.",
        "사료등급": "홀리스틱",
        "정상 소비자가": "32,000원",
        "마마캣 판매가": "23,960원",
        "원산지": "미국",
        "제조자 | 수입자": "The Nutro Company | 한국마즈",
        "사용 연령": "성묘용 (12개월 이상)",
        "100g 가격": "1056원",
        "포장단위별 용량, 수량": "2.27kg",
        "법에 의한 인증 및 허가": "사료관리법에 따른 수입신고를 필함",
        "원료구성": "연어, 건조닭고기, 싸라기, 완두콩 단백질, 통현미, 닭고기 지방, 감자 단백질, 알팔파가루, 분말 사탕무우, 통오트밀, 대두유, 천연향료, 염화칼륨, 염화콜린, DL-메티오닌, 소금, 혼합토코페롤, 구연산, 타우린, 황산아연, 비타민 E 보충제, 등 (상세페이지 참고)",
        "성분구성": "조단백 33.0%이상, 조지방 16.0%이상, 조섬유 4%이하, 조회분 8.3%이하, 칼슘 0.9%이상, 인 0.5%이상, 수분 10.0%이하, 칼로리 377kcal/100g",
        "현재 재고 수량": "17개",
        "소비자 상담 전화": "마마캣 고객센터 (1544-6141)",
        "제품 포장 유형": "통포장 (벨크로 포장)"
    },
    {
        "id": 222,
        "name": "뉴트로 내추럴 초이스 캣 오리지널 어덜트 연어와 현미 6.35kg",
        "image": "https://mamacat.co.kr/web/product/big/202101/171c11936261763e64188952965e90b1.jpg",
        "상품 간략설명": "성묘용 | 홀리스틱 (926원/100g당)",
        "가격정책": "최저마진 - 구매시 사료계량컵 증정",
        "유통기한": "2022.04.20.",
        "사료등급": "홀리스틱",
        "정상 소비자가": "72,000원",
        "마마캣 판매가": "58,810원",
        "원산지": "미국",
        "제조자 | 수입자": "The Nutro Company | 한국마즈",
        "사용 연령": "성묘용 (12개월 이상)",
        "100g 가격": "926원",
        "포장단위별 용량, 수량": "6.35kg",
        "법에 의한 인증 및 허가": "사료관리법에 따른 수입신고를 필함",
        "원료구성": "연어, 건조닭고기, 싸라기, 완두콩 단백질, 통현미, 닭고기 지방, 감자 단백질, 알팔파가루, 분말 사탕무우, 통오트밀, 대두유, 천연향료, 염화칼륨, 염화콜린, DL-메티오닌, 소금, 혼합토코페롤, 구연산, 타우린, 황산아연, 비타민 E 보충제, 등 (상세페이지 참고)",
        "성분구성": "조단백 33.0%이상, 조지방 16.0%이상, 조섬유 4%이하, 조회분 8.3%이하, 칼슘 0.9%이상, 인 0.5%이상, 수분 10.0%이하, 칼로리 377kcal/100g",
        "현재 재고 수량": "15개",
        "소비자 상담 전화": "마마캣 고객센터 (1544-6141)",
        "제품 포장 유형": "통포장 (지퍼 없음)"
    },
    {
        "id": 223,
        "name": "뉴트로 내추럴 초이스 캣 오리지널 키튼 닭고기와 현미 2.27kg",
        "image": "https://mamacat.co.kr/web/product/big/20200409/46be07faf5f9bbbd0034a6d0697b0ea8.jpg",
        "상품 간략설명": "자묘용 | 홀리스틱 (1056원/100g당)",
        "가격정책": "최저마진",
        "유통기한": "2022.04.05.",
        "사료등급": "홀리스틱",
        "정상 소비자가": "32,000원",
        "마마캣 판매가": "23,960원",
        "원산지": "미국",
        "제조자 | 수입자": "The Nutro Company | 한국마즈",
        "사용 연령": "자묘용 (12개월 이하)",
        "100g 가격": "1056원",
        "포장단위별 용량, 수량": "2.27kg",
        "법에 의한 인증 및 허가": "사료관리법에 따른 수입신고를 필함",
        "원료구성": "닭고기, 건조닭고기, 완두콩단백질, 닭고기지방, 싸라기, 통현미, 감자단백질, 분말사탕무우, 통오트밀, 건조연어, 천연향료, 알팔파가루, 대두유, 염화칼륨, 염화콜린, 어유, DL-메티오닌, 혼합 토코페롤, 구연산, 타우린, 황산아연, 비타민E보충제 등",
        "성분구성": "조단백 36.0%이상, 조지방 19.0%이상, 조섬유 4%이하, 조회분 8.3%이하, 칼슘 1.2%이상, 인 0.5%이상, 수분 10.0%이하,칼로리 390kcal/100g",
        "현재 재고 수량": "37개",
        "소비자 상담 전화": "마마캣 고객센터 (1544-6141)",
        "제품 포장 유형": "통포장 (벨크로 포장)"
    },
    {
        "id": 224,
        "name": "뉴트로 내추럴 초이스 캣 인도어 시니어 닭고기와 현미 2.27kg",
        "image": "https://mamacat.co.kr/web/product/big/20200409/7de57600076d0a941d60c4b699b2dae7.jpg",
        "상품 간략설명": "노묘용 | 홀리스틱 (1056원/100g당)",
        "가격정책": "최저마진",
        "유통기한": "2022.03.23.",
        "사료등급": "홀리스틱",
        "정상 소비자가": "32,000원",
        "마마캣 판매가": "23,960원",
        "원산지": "미국",
        "제조자 | 수입자": "The Nutro Company | 한국마즈",
        "사용 연령": "노묘용 (7세 이상)",
        "100g 가격": "1056원",
        "포장단위별 용량, 수량": "2.27kg",
        "법에 의한 인증 및 허가": "사료관리법에 따른 수입신고를 필함",
        "원료구성": "닭고기, 건조닭고기, 완두콩 단백질, 통현미, 싸라기, 닭고기 지방, 알팔파가루, 감자 단백질, 통오트밀, 아마씨, 분말 사탕무우, 천연향료, 대두유, 염화칼륨, 어유, 염화콜린, 소금, DL-메티오닌, 혼합토코페롤, 구연산, 타우린, 황산아연 등 (상세페이지 참고)",
        "성분구성": "조단백 36.0%이상, 조지방 17.0%이상, 조섬유 6%이하, 조회분 8.3%이하, 칼슘 0.9%이상, 인 0.5%이상, 수분 10.0%이하, 칼로리 약 373kcal/100g",
        "현재 재고 수량": "10개",
        "소비자 상담 전화": "마마캣 고객센터 (1544-6141)",
        "제품 포장 유형": "통포장 (벨크로 포장)"
    },
    {
        "id": 225,
        "name": "뉴트로 내추럴 초이스 캣 인도어 시니어 닭고기와 현미 6.35kg",
        "image": "https://mamacat.co.kr/web/product/big/202101/73f45b135dd454e5e3f1f86d115038c5.jpg",
        "상품 간략설명": "노묘용 | 홀리스틱 (926원/100g당)",
        "가격정책": "최저마진 - 구매시 사료계량컵 증정",
        "유통기한": "2022.03.23.",
        "사료등급": "홀리스틱",
        "정상 소비자가": "72,000원",
        "마마캣 판매가": "58,810원",
        "원산지": "미국",
        "제조자 | 수입자": "The Nutro Company | 한국마즈",
        "사용 연령": "노묘용 (7세 이상)",
        "100g 가격": "926원",
        "포장단위별 용량, 수량": "6.35kg",
        "법에 의한 인증 및 허가": "사료관리법에 따른 수입신고를 필함",
        "원료구성": "닭고기, 건조닭고기, 완두콩 단백질, 통현미, 싸라기, 닭고기 지방, 알팔파가루, 감자 단백질, 통오트밀, 아마씨, 분말 사탕무우, 천연향료, 대두유, 염화칼륨, 어유, 염화콜린, 소금, DL-메티오닌, 혼합토코페롤, 구연산, 타우린, 황산아연 등 (상세페이지 참고)",
        "성분구성": "조단백 36.0%이상, 조지방 17.0%이상, 조섬유 6%이하, 조회분 8.3%이하, 칼슘 0.9%이상, 인 0.5%이상, 수분 10.0%이하, 칼로리 약 373kcal/100g",
        "현재 재고 수량": "13개",
        "소비자 상담 전화": "마마캣 고객센터 (1544-6141)",
        "제품 포장 유형": "통포장 (지퍼 없음)"
    },
    {
        "id": 226,
        "name": "뉴트로 내추럴 초이스 캣 인도어 어덜트 닭고기와 현미 2.27kg",
        "image": "https://mamacat.co.kr/web/product/big/20200409/488401f7054df0aa767bdbaf6bd18442.jpg",
        "상품 간략설명": "성묘용 | 홀리스틱 (1056원/100g당)",
        "가격정책": "최저마진",
        "유통기한": "2022.01.07.",
        "사료등급": "홀리스틱",
        "정상 소비자가": "32,000원",
        "마마캣 판매가": "23,960원",
        "원산지": "미국",
        "제조자 | 수입자": "The Nutro Company | 한국마즈",
        "사용 연령": "성묘용 (12개월 이상)",
        "100g 가격": "1056원",
        "포장단위별 용량, 수량": "2.27kg",
        "법에 의한 인증 및 허가": "사료관리법에 따른 수입신고를 필함",
        "원료구성": "닭고기, 건조닭고기, 싸라기, 완두콩 단백질, 통현미, 알팔파가루, 닭고기 지방, 감자 단백질, 분말 사탕무우, 아마씨, 대두유, 귀리 섬유질, 천연향료, 염화칼륨, 염화콜린, DL-메티오닌, 소금, 혼합토코페롤, 구연산, 타우린, 황산아연 등 (상세페이지 참고)",
        "성분구성": "조단백 33.0%이상, 조지방 14.0%이상, 조섬유 7.0%이하, 조회분 8.3%이하, 칼슘 0.9%이상, 인 0.5%이상, 수분 10.0%이하, 칼로리 약 362kcal/100g",
        "현재 재고 수량": "67개",
        "소비자 상담 전화": "마마캣 고객센터 (1544-6141)",
        "제품 포장 유형": "통포장 (벨크로 포장)"
    },
    {
        "id": 227,
        "name": "뉴트로 내추럴 초이스 캣 인도어 어덜트 닭고기와 현미 6.35kg",
        "image": "https://mamacat.co.kr/web/product/big/202101/36e80fb65beaf97e59e4023d55efcf45.jpg",
        "상품 간략설명": "성묘용 | 홀리스틱 (926원/100g당)",
        "가격정책": "최저마진 - 구매시 사료계량컵 증정",
        "유통기한": "2022.03.02.",
        "사료등급": "홀리스틱",
        "정상 소비자가": "72,000원",
        "마마캣 판매가": "58,810원",
        "원산지": "미국",
        "제조자 | 수입자": "The Nutro Company | 한국마즈",
        "사용 연령": "성묘용 (12개월 이상)",
        "100g 가격": "926원",
        "포장단위별 용량, 수량": "6.35kg",
        "법에 의한 인증 및 허가": "사료관리법에 따른 수입신고를 필함",
        "원료구성": "닭고기, 건조닭고기, 싸라기, 완두콩 단백질, 통현미, 알팔파가루, 닭고기 지방, 감자 단백질, 분말 사탕무우, 아마씨, 대두유, 귀리 섬유질, 천연향료, 염화칼륨, 염화콜린, DL-메티오닌, 소금, 혼합토코페롤, 구연산, 타우린, 황산아연 등 (상세페이지 참고)",
        "성분구성": "조단백 33.0%이상, 조지방 14.0%이상, 조섬유 7.0%이하, 조회분 8.3%이하, 칼슘 0.9%이상, 인 0.5%이상, 수분 10.0%이하, 칼로리 약 362kcal/100g",
        "현재 재고 수량": "39개",
        "소비자 상담 전화": "마마캣 고객센터 (1544-6141)",
        "제품 포장 유형": "통포장 (지퍼 없음)"
    },
    {
        "id": 228,
        "name": "뉴트로 내추럴 초이스 캣 인도어 어덜트 흰살생선과 현미 2.95kg",
        "image": "https://mamacat.co.kr/web/product/big/20200409/1e4446928fcc42a161874cc92a91892d.jpg",
        "상품 간략설명": "성묘용 | 홀리스틱 (980원/100g당)",
        "가격정책": "최저마진",
        "유통기한": "2022.02.22.",
        "사료등급": "홀리스틱",
        "정상 소비자가": "40,000원",
        "마마캣 판매가": "28,900원",
        "원산지": "미국",
        "제조자 | 수입자": "The Nutro Company | 한국마즈",
        "사용 연령": "성묘용 (12개월 이상)",
        "100g 가격": "980원",
        "포장단위별 용량, 수량": "2.95kg",
        "법에 의한 인증 및 허가": "사료관리법에 따른 수입신고를 필함",
        "원료구성": "흰살생선, 건조닭고기, 싸라기, 완두콩 단백질, 통현미, 닭고기 지방, 감자 단백질, 알팔파가루, 아마씨, 분말 사탕무우, 대두유, 귀리 섬유질, 천연향료, 통오트밀, 염화칼륨, 염화콜린, DL-메티오닌, 소금, 혼합토코페롤, 구연산, 타우린 등 (상세페이지 참고)",
        "성분구성": "조단백 33.0%이상, 조지방 14.0%이상, 조섬유 7%이하, 조회분 8.3%이하, 칼슘 0.9%이상, 인 0.5%이상, 수분 10.0%이하, 칼로리 약 369kcal/100g",
        "현재 재고 수량": "15개",
        "소비자 상담 전화": "마마캣 고객센터 (1544-6141)",
        "제품 포장 유형": "통포장 (벨크로 포장)"
    },
    {
        "id": 229,
        "name": "뉴트로 내추럴 초이스 캣 인도어 어덜트 흰살생선과 현미 6.35kg",
        "image": "https://mamacat.co.kr/web/product/big/20191118/283b37c17a5c595c1a213fe91153609d.jpg",
        "상품 간략설명": "성묘용 | 홀리스틱 (926원/100g당)",
        "가격정책": "최저마진 - 구매시 사료계량컵 증정",
        "유통기한": "2022.01.24.",
        "사료등급": "홀리스틱",
        "정상 소비자가": "72,000원",
        "마마캣 판매가": "58,810원",
        "원산지": "미국",
        "제조자 | 수입자": "The Nutro Company | 한국마즈",
        "사용 연령": "성묘용 (12개월 이상)",
        "100g 가격": "926원",
        "포장단위별 용량, 수량": "6.35kg",
        "법에 의한 인증 및 허가": "사료관리법에 따른 수입신고를 필함",
        "원료구성": "흰살생선, 건조닭고기, 싸라기, 완두콩 단백질, 통현미, 닭고기 지방, 감자 단백질, 알팔파가루, 아마씨, 분말 사탕무우, 대두유, 귀리 섬유질, 천연향료, 통오트밀, 염화칼륨, 염화콜린, DL-메티오닌, 소금, 혼합토코페롤, 구연산, 타우린 등 (상세페이지 참고)",
        "성분구성": "조단백 33.0%이상, 조지방 14.0%이상, 조섬유 7%이하, 조회분 8.3%이하, 칼슘 0.9%이상, 인 0.5%이상, 수분 10.0%이하, 칼로리 약 369kcal/100g",
        "현재 재고 수량": "9개",
        "소비자 상담 전화": "마마캣 고객센터 (1544-6141)",
        "제품 포장 유형": "통포장 (지퍼 없음)"
    },
    {
        "id": 230,
        "name": "뉴트리나 리얼 오 플러스 캣 오베서티 (체중조절용) 2.4kg",
        "image": "https://mamacat.co.kr/web/product/big/20191118/f8b0f1df6f5df3a5ecb9e74a9b07c6c8.jpg",
        "상품 간략설명": "성묘용 | 유기농 (942원/100g당)",
        "가격정책": "최저마진",
        "유통기한": "2022.09.20.",
        "사료등급": "유기농",
        "정상 소비자가": "60,000원",
        "마마캣 판매가": "22,610원",
        "원산지": "대한민국",
        "제조자 | 수입자": "(주)OSP",
        "사용 연령": "성묘용 (12개월 이상)",
        "100g 가격": "942원",
        "포장단위별 용량, 수량": "2.4kg",
        "법에 의한 인증 및 허가": "사료관리법에 따른 수입신고를 필함",
        "원료구성": "계육분, 쌀, 연어 어분, 유기농 옥수수, 정제계유, 천연 향미제, 옥수수글루텐, 유기농 비트펄프, 가수분해 연어어분, 유기농 현미, 유기농 해바라기씨박, 유기농 귀리, 유기농 쌀, 유기농 보리, 유기농 아마씨, 셀룰로스, 유기농 참깨박, 염화 콜린, 연어유 등",
        "성분구성": "조단백 30.0%이상, 조지방 8.0%이상, 조섬유 8.0%이하, 조회분 8.0%이하, 칼슘 1.0%이상, 인 0.5%이상, 수분 11.0%이하",
        "현재 재고 수량": "109개",
        "소비자 상담 전화": "마마캣 고객센터 (1544-6141)",
        "제품 포장 유형": "소분포장 (300*8)"
    },
    {
        "id": 231,
        "name": "뉴트리나 리얼 오 플러스 캣 인도어 2.4kg",
        "image": "https://mamacat.co.kr/web/product/big/20191118/b375d71496aeda4f765cd2067331c959.jpg",
        "상품 간략설명": "성묘용 | 유기농 (788원/100g당)",
        "가격정책": "최저마진",
        "유통기한": "2022.09.28.",
        "사료등급": "유기농",
        "정상 소비자가": "60,000원",
        "마마캣 판매가": "18,920원",
        "원산지": "대한민국",
        "제조자 | 수입자": "(주)OSP",
        "사용 연령": "성묘용 (12개월 이상)",
        "100g 가격": "788원",
        "포장단위별 용량, 수량": "2.4kg",
        "법에 의한 인증 및 허가": "사료관리법에 따른 수입신고를 필함",
        "원료구성": "계육분, 쌀, 정제 계유, 연어 어분, 옥수수 글루텐, 유기농 옥수수, 천연 향미제, 유기농 비트펄프, 유기농 해바라기씨박, 유기농 현미, 유기농 귀리, 유기농 보리, 유기농 쌀, 유기농 아마씨, 셀룰로스, 유기농 참깨박, 혼합 인산칼슘, 염화콜린, 탄산 칼슘, 연어유 등",
        "성분구성": "조단백 30.0%이상, 조지방 15.0%이상, 조섬유 6.0%이하, 조회분 12.0%이하, 칼슘 1.0%이상, 인 0.5%이상, 수분 11.0%이하",
        "현재 재고 수량": "505개",
        "소비자 상담 전화": "마마캣 고객센터 (1544-6141)",
        "제품 포장 유형": "소분포장 (300*8)"
    },
    {
        "id": 232,
        "name": "뉴트리나 리얼 오 플러스 캣 인도어 6kg",
        "image": "https://mamacat.co.kr/web/product/big/20191118/6589ad00c62d481cbfde6bbc1ba61398.jpg",
        "상품 간략설명": "성묘용 | 유기농 (799원/100g당)",
        "가격정책": "최저마진",
        "유통기한": "2022.09.28.",
        "사료등급": "유기농",
        "정상 소비자가": "80,000원",
        "마마캣 판매가": "47,910원",
        "원산지": "대한민국",
        "제조자 | 수입자": "(주)OSP",
        "사용 연령": "성묘용 (12개월 이상)",
        "100g 가격": "799원",
        "포장단위별 용량, 수량": "6kg",
        "법에 의한 인증 및 허가": "사료관리법에 따른 수입신고를 필함",
        "원료구성": "계육분, 쌀, 정제 계유, 연어 어분, 옥수수 글루텐, 유기농 옥수수, 천연 향미제, 유기농 비트펄프, 유기농 해바라기씨박, 유기농 현미, 유기농 귀리, 유기농 보리, 유기농 쌀, 유기농 아마씨, 셀룰로스, 유기농 참깨박, 혼합 인산칼슘, 염화콜린, 탄산 칼슘, 연어유 등",
        "성분구성": "조단백 30.0%이상, 조지방 15.0%이상, 조섬유 6.0%이하, 조회분 12.0%이하, 칼슘 1.0%이상, 인 0.5%이상, 수분 11.0%이하",
        "현재 재고 수량": "150개",
        "소비자 상담 전화": "마마캣 고객센터 (1544-6141)",
        "제품 포장 유형": "소분포장 (400g*15)"
    },
    {
        "id": 233,
        "name": "뉴트리나 리얼 오 플러스 캣 키튼 2.4kg",
        "image": "https://mamacat.co.kr/web/product/big/20191118/6f1c456752ca208ce72c3bd0a5338671.jpg",
        "상품 간략설명": "자묘용 | 유기농 (908원/100g당)",
        "가격정책": "최저마진",
        "유통기한": "2022.04.15.",
        "사료등급": "유기농",
        "정상 소비자가": "60,000원",
        "마마캣 판매가": "21,780원",
        "원산지": "대한민국",
        "제조자 | 수입자": "(주)OSP",
        "사용 연령": "자묘용 (12개월 이하)",
        "100g 가격": "908원",
        "포장단위별 용량, 수량": "2.4kg",
        "법에 의한 인증 및 허가": "사료관리법에 따른 수입신고를 필함",
        "원료구성": "계육분, 쌀, 옥수수 글루텐, 연어 어분, 가수분해 연어 어분, 천연 향미제, 유기농 옥수수, 유기농 비트펄프, 유기농 해바라기씨박, 유기농 현미, 유기농 귀리, 유기농 보리, 유기농 쌀, 유기농 아마씨, 셀룰로스, 유기농 참깨박, 혼합 인산칼슘, 염화 콜린 등",
        "성분구성": "조단백 30.0%이상, 조지방 16.0%이상, 조섬유 6.0%이하, 조회분 8.0%이하, 칼슘 1.0%이상, 인 0.8%이상, 수분 11.0%이하",
        "현재 재고 수량": "30개",
        "소비자 상담 전화": "마마캣 고객센터 (1544-6141)",
        "제품 포장 유형": "소분포장 (300*8)"
    },
    {
        "id": 234,
        "name": "뉴트리나 리얼 오 플러스 캣 키튼 6kg",
        "image": "https://mamacat.co.kr/web/product/big/20191118/16ec29f0c0861cc22c609ce10b9dedb8.jpg",
        "상품 간략설명": "자묘용 | 유기농 (832원/100g당)",
        "가격정책": "최저마진",
        "유통기한": "2021.12.07.",
        "사료등급": "유기농",
        "정상 소비자가": "80,000원",
        "마마캣 판매가": "49,900원",
        "원산지": "대한민국",
        "제조자 | 수입자": "(주)OSP",
        "사용 연령": "자묘용 (12개월 이하)",
        "100g 가격": "832원",
        "포장단위별 용량, 수량": "6kg",
        "법에 의한 인증 및 허가": "사료관리법에 따른 수입신고를 필함",
        "원료구성": "계육분, 쌀, 옥수수 글루텐, 연어 어분, 가수분해 연어 어분, 천연 향미제, 유기농 옥수수, 유기농 비트펄프, 유기농 해바라기씨박, 유기농 현미, 유기농 귀리, 유기농 보리, 유기농 쌀, 유기농 아마씨, 셀룰로스, 유기농 참깨박, 혼합 인산칼슘, 염화 콜린 등",
        "성분구성": "조단백 30.0%이상, 조지방 16.0%이상, 조섬유 6.0%이하, 조회분 8.0%이하, 칼슘 1.0%이상, 인 0.8%이상, 수분 11.0%이하",
        "현재 재고 수량": "18개",
        "소비자 상담 전화": "마마캣 고객센터 (1544-6141)",
        "제품 포장 유형": "소분포장 (400g*15)"
    },
    {
        "id": 235,
        "name": "뉴트리나 비스트로 고양이캔 6종 맛보기 160g × 6개",
        "image": "https://mamacat.co.kr/web/product/big/20191129/390385656e1d085e9efec57803db3fcf.jpg",
        "가격정책": "최저마진",
        "유통기한": "각 제품의 상세페이지 참고",
        "정상 소비자가": "9,000원",
        "마마캣 판매가": "5,890원",
        "원산지": "한국",
        "제조자 | 수입자": "(주)동원F&B",
        "사용 연령": "1세 이상 성묘용",
        "100g 가격": "613원",
        "포장단위별 용량, 수량": "160g × 6개",
        "법에 의한 인증 및 허가": "사료관리법에 따른 수입신고를 필함",
        "원료구성": "각 상세페이지 참고",
        "성분구성": "각 상세페이지 참고",
        "현재 재고 수량": "2개",
        "소비자 상담 전화": "마마캣 고객센터 (1544-6141)"
    },
    {
        "id": 236,
        "name": "뉴트리나 비스트로 고양이캔 6종 혼합 160g × 24개",
        "image": "https://mamacat.co.kr/web/product/big/sejun2523_4078.jpg",
        "가격정책": "최저마진",
        "유통기한": "각 제품의 상세페이지 참고",
        "정상 소비자가": "36,000원",
        "마마캣 판매가": "21,500원",
        "원산지": "한국",
        "제조자 | 수입자": "(주)동원F&B",
        "사용 연령": "1세 이상 성묘용",
        "100g 가격": "559원",
        "포장단위별 용량, 수량": "160g × 24개",
        "법에 의한 인증 및 허가": "사료관리법에 따른 수입신고를 필함",
        "원료구성": "각 상세페이지 참고",
        "성분구성": "각 상세페이지 참고",
        "현재 재고 수량": "12개",
        "소비자 상담 전화": "마마캣 고객센터 (1544-6141)"
    },
    {
        "id": 237,
        "name": "뉴트리나 비스트로 고양이캔 참치와 닭안심 160g × 24개",
        "image": "https://mamacat.co.kr/web/product/big/sejun2523_4072.jpg",
        "가격정책": "최저마진",
        "유통기한": "2022.07.18",
        "정상 소비자가": "36,000원",
        "마마캣 판매가": "21,500원",
        "원산지": "한국",
        "제조자 | 수입자": "(주)동원F&B",
        "사용 연령": "1세 이상 성묘용",
        "100g 가격": "559원",
        "포장단위별 용량, 수량": "160g × 24개",
        "법에 의한 인증 및 허가": "사료관리법에 따른 수입신고를 필함",
        "원료구성": "가다랑어, 닭고기, 비타민E",
        "성분구성": "조단백 16.0% 이상, 조지방 1.0% 이상, 조섬유 0.5% 이하, 조회분 3.0% 이하, 칼슘 0.05% 이상, 인 0.5% 이하",
        "현재 재고 수량": "4개",
        "소비자 상담 전화": "마마캣 고객센터 (1544-6141)"
    },
    {
        "id": 238,
        "name": "뉴트리나 비스트로 고양이캔 참치와 닭안심 160g",
        "image": "https://mamacat.co.kr/web/product/big/20191129/414722e917a050312ed5e85de984fe9a.jpg",
        "가격정책": "최저마진",
        "유통기한": "2022.07.18",
        "정상 소비자가": "1,500원",
        "마마캣 판매가": "1,000원",
        "원산지": "한국",
        "제조자 | 수입자": "(주)동원F&B",
        "사용 연령": "1세 이상 성묘용",
        "100g 가격": "625원",
        "포장단위별 용량, 수량": "160g",
        "법에 의한 인증 및 허가": "사료관리법에 따른 수입신고를 필함",
        "원료구성": "가다랑어, 닭고기, 비타민E",
        "성분구성": "조단백 16.0% 이상, 조지방 1.0% 이상, 조섬유 0.5% 이하, 조회분 3.0% 이하, 칼슘 0.05% 이상, 인 0.5% 이하",
        "현재 재고 수량": "24개",
        "소비자 상담 전화": "마마캣 고객센터 (1544-6141)"
    },
    {
        "id": 239,
        "name": "뉴트리나 비스트로 고양이캔 참치와 멸치 160g × 24개",
        "image": "https://mamacat.co.kr/web/product/big/sejun2523_4073.jpg",
        "가격정책": "최저마진",
        "유통기한": "2024.02.16.",
        "정상 소비자가": "36,000원",
        "마마캣 판매가": "21,500원",
        "원산지": "한국",
        "제조자 | 수입자": "(주)동원F&B",
        "사용 연령": "1세 이상 성묘용",
        "100g 가격": "559원",
        "포장단위별 용량, 수량": "160g × 24개",
        "법에 의한 인증 및 허가": "사료관리법에 따른 수입신고를 필함",
        "원료구성": "가다랑어, 멸치, 비타민E",
        "성분구성": "조단백 16.0% 이상, 조지방 1.0% 이상, 조섬유 0.5% 이하, 조회분 3.0% 이하, 칼슘 0.05% 이상, 인 0.5% 이하",
        "현재 재고 수량": "4개",
        "소비자 상담 전화": "마마캣 고객센터 (1544-6141)"
    },
    {
        "id": 240,
        "name": "뉴트리나 비스트로 고양이캔 참치와 멸치 160g",
        "image": "https://mamacat.co.kr/web/product/big/20191129/fcadeb0b54354bbd3b725d93ad17cbd7.jpg",
        "가격정책": "최저마진",
        "유통기한": "2024.02.16.",
        "정상 소비자가": "1,500원",
        "마마캣 판매가": "1,000원",
        "원산지": "한국",
        "제조자 | 수입자": "(주)동원F&B",
        "사용 연령": "1세 이상 성묘용",
        "100g 가격": "625원",
        "포장단위별 용량, 수량": "160g",
        "법에 의한 인증 및 허가": "사료관리법에 따른 수입신고를 필함",
        "원료구성": "가다랑어, 멸치, 비타민E",
        "성분구성": "조단백 16.0% 이상, 조지방 1.0% 이상, 조섬유 0.5% 이하, 조회분 3.0% 이하, 칼슘 0.05% 이상, 인 0.5% 이하",
        "현재 재고 수량": "30개",
        "소비자 상담 전화": "마마캣 고객센터 (1544-6141)"
    },
    {
        "id": 241,
        "name": "뉴트리나 비스트로 고양이캔 참치와 황다랑어 160g × 24개",
        "image": "https://mamacat.co.kr/web/product/big/sejun2523_4074.jpg",
        "가격정책": "최저마진",
        "유통기한": "2022.07",
        "정상 소비자가": "36,000원",
        "마마캣 판매가": "21,500원",
        "원산지": "한국",
        "제조자 | 수입자": "(주)동원F&B",
        "사용 연령": "1세 이상 성묘용",
        "100g 가격": "559원",
        "포장단위별 용량, 수량": "160g × 24개",
        "법에 의한 인증 및 허가": "사료관리법에 따른 수입신고를 필함",
        "원료구성": "참치, 정제수, 비타민E, 황다랑어",
        "성분구성": "조단백 16.0% 이상, 조지방 1.0% 이상, 조섬유 0.5% 이하, 조회분 3.0% 이하, 칼슘 0.05% 이상, 인 0.5% 이하",
        "현재 재고 수량": "4개",
        "소비자 상담 전화": "마마캣 고객센터 (1544-6141)"
    },
    {
        "id": 242,
        "name": "뉴트리나 비스트로 고양이캔 참치와 황다랑어 160g",
        "image": "https://mamacat.co.kr/web/product/big/20191129/3b72de5c396371099bcf73325e2e1937.jpg",
        "가격정책": "최저마진",
        "유통기한": "2022.07",
        "정상 소비자가": "1,500원",
        "마마캣 판매가": "1,000원",
        "원산지": "한국",
        "제조자 | 수입자": "(주)동원F&B",
        "사용 연령": "1세 이상 성묘용",
        "100g 가격": "625원",
        "포장단위별 용량, 수량": "160g",
        "법에 의한 인증 및 허가": "사료관리법에 따른 수입신고를 필함",
        "원료구성": "참치, 정제수, 비타민E, 황다랑어",
        "성분구성": "조단백 16.0% 이상, 조지방 1.0% 이상, 조섬유 0.5% 이하, 조회분 3.0% 이하, 칼슘 0.05% 이상, 인 0.5% 이하",
        "현재 재고 수량": "29개",
        "소비자 상담 전화": "마마캣 고객센터 (1544-6141)"
    },
    {
        "id": 243,
        "name": "뉴트리나 비스트로 고양이캔 흰살참치와 닭안심 160g × 24개",
        "image": "https://mamacat.co.kr/web/product/big/sejun2523_4075.jpg",
        "가격정책": "최저마진",
        "유통기한": "2023.12.24.",
        "정상 소비자가": "36,000원",
        "마마캣 판매가": "21,500원",
        "원산지": "한국",
        "제조자 | 수입자": "(주)동원F&B",
        "사용 연령": "1세 이상 성묘용",
        "100g 가격": "559원",
        "포장단위별 용량, 수량": "160g × 24개",
        "법에 의한 인증 및 허가": "사료관리법에 따른 수입신고를 필함",
        "원료구성": "가다랑어, 닭고기, 비타민 E",
        "성분구성": "조단백 16.0% 이상, 조지방 1.0% 이상, 조섬유 0.5% 이하, 조회분 3.0% 이하, 칼슘 0.05% 이상, 인 0.5% 이하",
        "현재 재고 수량": "2개",
        "소비자 상담 전화": "마마캣 고객센터 (1544-6141)"
    },
    {
        "id": 244,
        "name": "뉴트리나 비스트로 고양이캔 흰살참치와 닭안심 160g",
        "image": "https://mamacat.co.kr/web/product/big/20191129/d9d7f164133013f6d335ba16b5c96a9b.jpg",
        "가격정책": "최저마진",
        "유통기한": "2023.12.24.",
        "정상 소비자가": "1,500원",
        "마마캣 판매가": "1,000원",
        "원산지": "한국",
        "제조자 | 수입자": "(주)동원F&B",
        "사용 연령": "1세 이상 성묘용",
        "100g 가격": "625원",
        "포장단위별 용량, 수량": "160g",
        "법에 의한 인증 및 허가": "사료관리법에 따른 수입신고를 필함",
        "원료구성": "가다랑어, 닭고기, 비타민 E",
        "성분구성": "조단백 16.0% 이상, 조지방 1.0% 이상, 조섬유 0.5% 이하, 조회분 3.0% 이하, 칼슘 0.05% 이상, 인 0.5% 이하",
        "현재 재고 수량": "17개",
        "소비자 상담 전화": "마마캣 고객센터 (1544-6141)"
    },
    {
        "id": 245,
        "name": "뉴트리나 비스트로 고양이캔 흰살참치와 연어 160g × 24개",
        "image": "https://mamacat.co.kr/web/product/big/201908/0b9efbd594d5ee5953dbba7069c225a8.jpg",
        "가격정책": "최저마진",
        "유통기한": "2023.12.27.",
        "정상 소비자가": "36,000원",
        "마마캣 판매가": "21,500원",
        "원산지": "한국",
        "사용 연령": "1세 이상 성묘용",
        "100g 가격": "559원",
        "포장단위별 용량, 수량": "160g × 24개",
        "법에 의한 인증 및 허가": "사료관리법에 따른 수입신고를 필함",
        "현재 재고 수량": "3개",
        "소비자 상담 전화": "마마캣 고객센터 (1544-6141)"
    },
    {
        "id": 246,
        "name": "뉴트리나 비스트로 고양이캔 흰살참치와 연어 160g",
        "image": "https://mamacat.co.kr/web/product/big/20191129/00ee5e12c8b2a5507700104197b5d417.jpg",
        "가격정책": "최저마진",
        "유통기한": "2023.12.27.",
        "정상 소비자가": "1,500원",
        "마마캣 판매가": "1,000원",
        "원산지": "한국",
        "사용 연령": "6개월 이상 급여",
        "100g 가격": "625원",
        "포장단위별 용량, 수량": "160g",
        "법에 의한 인증 및 허가": "사료관리법에 따른 수입신고를 필함",
        "원료구성": "가다랑어,정제수,연어,크렌베리농축액,녹차농축액,비타민E",
        "성분구성": "조단백질16%이상,조지방2.5%이상,조섬유0.1%이하,조회분1.5%이하,칼슘0.01%이상,인0.13%이상,수분82%이상",
        "현재 재고 수량": "32개",
        "소비자 상담 전화": "마마캣 고객센터 (1544-6141)"
    },
    {
        "id": 247,
        "name": "뉴트리나 비스트로 고양이캔 흰살참치와 황다랑어 160g × 24개",
        "image": "https://mamacat.co.kr/web/product/big/sejun2523_4077.jpg",
        "가격정책": "최저마진",
        "유통기한": "2023.05.25.",
        "정상 소비자가": "36,000원",
        "마마캣 판매가": "21,500원",
        "원산지": "한국",
        "제조자 | 수입자": "(주)동원F&B",
        "사용 연령": "1세 이상 성묘용",
        "100g 가격": "559원",
        "포장단위별 용량, 수량": "160g × 24개",
        "법에 의한 인증 및 허가": "사료관리법에 따른 수입신고를 필함",
        "원료구성": "가다랑어, 황다랑어, 비타민E",
        "성분구성": "조단백 16.0% 이상, 조지방 1.0% 이상, 조섬유 0.5% 이하, 조회분 3.0% 이하, 칼슘 0.05% 이상, 인 0.5% 이하",
        "현재 재고 수량": "4개",
        "소비자 상담 전화": "마마캣 고객센터 (1544-6141)"
    },
    {
        "id": 248,
        "name": "뉴트리나 비스트로 고양이캔 흰살참치와 황다랑어 160g",
        "image": "https://mamacat.co.kr/web/product/big/20191129/c90198b35f32c1edb28ae7b526b02ffb.jpg",
        "가격정책": "최저마진",
        "유통기한": "2023.05.25.",
        "정상 소비자가": "1,500원",
        "마마캣 판매가": "1,000원",
        "원산지": "한국",
        "제조자 | 수입자": "(주)동원F&B",
        "사용 연령": "1세 이상 성묘용",
        "100g 가격": "625원",
        "포장단위별 용량, 수량": "160g",
        "법에 의한 인증 및 허가": "사료관리법에 따른 수입신고를 필함",
        "원료구성": "가다랑어, 황다랑어, 비타민E",
        "성분구성": "조단백 16.0% 이상, 조지방 1.0% 이상, 조섬유 0.5% 이하, 조회분 3.0% 이하, 칼슘 0.05% 이상, 인 0.5% 이하",
        "현재 재고 수량": "17개",
        "소비자 상담 전화": "마마캣 고객센터 (1544-6141)"
    },
    {
        "id": 249,
        "name": "뉴트리나 비스트로 캣 어덜트 2kg",
        "image": "https://mamacat.co.kr/web/product/big/20191118/b07719f98948313e4589e30009b11366.jpg",
        "상품 간략설명": "성묘용 | 프리미엄 (395원/100g당)",
        "가격정책": "최저마진",
        "유통기한": "2022.07.15.",
        "사료등급": "프리미엄",
        "정상 소비자가": "10,000원",
        "마마캣 판매가": "7,890원",
        "원산지": "대한민국",
        "제조자 | 수입자": "(주)카길에그리퓨리나",
        "사용 연령": "성묘용 (12개월 이상)",
        "100g 가격": "395원",
        "포장단위별 용량, 수량": "2kg",
        "법에 의한 인증 및 허가": "사료관리법에 따른 수입신고를 필함",
        "원료구성": "옥수수, 계육분, 옥수수단백추출물, 밀, 정제계유, 밀단백추출물, 비트펄프, 천연기호성증진제, 흰살생선, 염화칼륨, 이눌린, 염화콜린, L-라이신, DL-메티오닌, 미네랄합제, 타우린, 비타민합제, 비타민E, 유카추출물, 야채믹스",
        "성분구성": "조단백 30%이상, 조지방 12%이상, 조섬유 5%이하, 조회분 10%이하, 칼슘 0.9%이상, 인 0.6%이상, 수분 12%이하",
        "현재 재고 수량": "9개",
        "소비자 상담 전화": "마마캣 고객센터 (1544-6141)",
        "제품 포장 유형": "소분포장"
    },
    {
        "id": 250,
        "name": "뉴트리나 비스트로 캣 전연령 6kg",
        "image": "https://mamacat.co.kr/web/product/big/20191118/bd8bc4f0ddd61e291dc217d2a2b4b07c.jpg",
        "상품 간략설명": "전연령 | 프리미엄 (378원/100g당)",
        "가격정책": "최저마진",
        "유통기한": "2022.11.18.",
        "사료등급": "프리미엄",
        "정상 소비자가": "25,000원",
        "마마캣 판매가": "22,700원",
        "원산지": "대한민국",
        "제조자 | 수입자": "(주)카길에그리퓨리나",
        "사용 연령": "전연령 (3개월 이상)",
        "100g 가격": "378원",
        "포장단위별 용량, 수량": "6kg",
        "법에 의한 인증 및 허가": "사료관리법에 따른 수입신고를 필함",
        "원료구성": "계육분, 옥수수, 옥수수단백추출물, 밀, 정제계유, 밀단백추출물, 비트펄프, 천연기호성증진제, 흰살생선, 연어, 탄산칼슘, 이눌린, 염화칼륨, 염화콜린, 미네랄 합제, 비타민E, DL-메티오닌, 비타민합제, 트립토판, 유카추출물, 야채 믹스",
        "성분구성": "조단백 31%이상, 조지방 12%이상, 조섬유 5%이하, 조회분 10%이하, 칼슘 0.3%이상, 인 0.6%이상, 수분 12%이하",
        "현재 재고 수량": "6개",
        "소비자 상담 전화": "마마캣 고객센터 (1544-6141)",
        "제품 포장 유형": "소분포장"
    },
    {
        "id": 251,
        "name": "뉴트리나 비스트로 캣 키튼 2kg",
        "image": "https://mamacat.co.kr/web/product/big/20191118/462d9f7adb8098ef269b0011d7647647.jpg",
        "상품 간략설명": "자묘용 | 프리미엄 (411원/100g당)",
        "가격정책": "최저마진",
        "유통기한": "2022.09.29.",
        "사료등급": "프리미엄",
        "정상 소비자가": "10,500원",
        "마마캣 판매가": "8,220원",
        "원산지": "대한민국",
        "제조자 | 수입자": "(주)카길에그리퓨리나",
        "사용 연령": "자묘용 (12개월 이하)",
        "100g 가격": "411원",
        "포장단위별 용량, 수량": "2kg",
        "법에 의한 인증 및 허가": "사료관리법에 따른 수입신고를 필함",
        "원료구성": "계육분, 옥수수, 옥수수단백추출물, 밀, 정제계유, 밀단백추출물, 비트필프, 천연기호성증진제, 흰살생선, 염화칼륨, 이눌린(치커리뿌리추출물), 트립토판, 염화콜린, 미네랄 합제(철,구리,아연,망간,코발트,요오드,셀레늄), DL-메티오닌, 비타민E, 타우린 등",
        "성분구성": "조단백 32%이상, 조지방 13%이상, 조섬유 5%이하, 조회분 10%이하, 칼슘 1.0%이상, 인 0.8%이상, 수분 12%이하",
        "현재 재고 수량": "7개",
        "소비자 상담 전화": "마마캣 고객센터 (1544-6141)",
        "제품 포장 유형": "소분포장"
    },
    {
        "id": 252,
        "name": "뉴트리소스 그레인프리 캣 오션 셀렉트 3kg",
        "image": "https://mamacat.co.kr/web/product/big/20191118/42c09023ea04000ad60a4235c3e33172.jpg",
        "상품 간략설명": "전연령 | 홀리스틱 (935원/100g당)",
        "가격정책": "최저마진",
        "유통기한": "2022.06.14.",
        "사료등급": "홀리스틱",
        "정상 소비자가": "38,000원",
        "마마캣 판매가": "28,050원",
        "원산지": "미국",
        "제조자 | 수입자": "KLN Enterprises",
        "사용 연령": "전연령 (3개월 이상)",
        "100g 가격": "935원",
        "포장단위별 용량, 수량": "3kg",
        "법에 의한 인증 및 허가": "사료관리법에 따른 수입신고를 필함",
        "원료구성": "송어, 흰살생선, 연어, 완두콩, 완두콩 단백질, 해바라기오일, 병아리콩, 알팔파, 아마씨, 완두콩 섬유, 효모추출물, 토마토과즙, 각종 미네랄, 콜린, 콘드로이틴 유카 추출물, 요오드, 로즈마리 추출물, 효모배양물, 유산균, 장구균, 간균성분, 비타민 등",
        "성분구성": "조단백질 36.0%이상, 조지방 16.0%이상, 조섬유 8.0%이하, 수분 10.0%이하, 오메가-6 지방산 2.6%이상, 오메가-3 지방산 0.6%이상",
        "현재 재고 수량": "4개",
        "소비자 상담 전화": "마마캣 고객센터 (1544-6141)",
        "제품 포장 유형": "통포장 (지퍼 없음)"
    },
    {
        "id": 253,
        "name": "뉴트리소스 그레인프리 캣 오션 셀렉트 6.8kg",
        "image": "https://mamacat.co.kr/web/product/big/20191118/62e3b695e5b0d9d04ecc01b73a134a3d.jpg",
        "상품 간략설명": "전연령 | 홀리스틱 (748원/100g당)",
        "가격정책": "최저마진",
        "유통기한": "2022.06.14.",
        "사료등급": "홀리스틱",
        "정상 소비자가": "72,000원",
        "마마캣 판매가": "50,920원",
        "원산지": "미국",
        "제조자 | 수입자": "KLN Enterprises",
        "사용 연령": "전연령 (3개월 이상)",
        "100g 가격": "748원",
        "포장단위별 용량, 수량": "6.8kg",
        "법에 의한 인증 및 허가": "사료관리법에 따른 수입신고를 필함",
        "원료구성": "송어, 흰살생선, 연어, 완두콩, 완두콩 단백질, 해바라기오일, 병아리콩, 알팔파, 아마씨, 완두콩 섬유, 효모추출물, 토마토과즙, 각종 미네랄, 콜린, 콘드로이틴 유카 추출물, 요오드, 로즈마리 추출물, 효모배양물, 유산균, 장구균, 간균성분, 비타민 등",
        "성분구성": "조단백질 36.0%이상, 조지방 16.0%이상, 조섬유 8.0%이하, 수분 10.0%이하, 오메가-6 지방산 2.6%이상, 오메가-3 지방산 0.6%이상",
        "현재 재고 수량": "9개",
        "소비자 상담 전화": "마마캣 고객센터 (1544-6141)",
        "제품 포장 유형": "통포장 (지퍼 없음)"
    },
    {
        "id": 254,
        "name": "뉴트리소스 그레인프리 캣 컨트리 셀렉트 3kg",
        "image": "https://mamacat.co.kr/web/product/big/20191118/4ed746129e6219162fe8cfd63a2c52ae.jpg",
        "상품 간략설명": "전연령 | 홀리스틱 (864원/100g당)",
        "가격정책": "최저마진",
        "유통기한": "2022.08.16.",
        "사료등급": "홀리스틱",
        "정상 소비자가": "35,000원",
        "마마캣 판매가": "25,920원",
        "원산지": "미국",
        "제조자 | 수입자": "KLN Enterprises",
        "사용 연령": "전연령 (3개월 이상)",
        "100g 가격": "864원",
        "포장단위별 용량, 수량": "3kg",
        "법에 의한 인증 및 허가": "사료관리법에 따른 수입신고를 필함",
        "원료구성": "닭, 오리, 완두콩, 병아리콩, 완두콩 단백질, 닭지방, 아마씨, 건조한 계란, 칠면조, 토마토과즙, 각종 미네랄, 콜린, 콘드로이틴, 유카 추출물, 요오드, 로즈마리 추출물, 효모배양물, 유산균, 장구균, 간균성분, 비타민 등",
        "성분구성": "조단백질 36.0%이상, 조지방 16.0%이상, 조섬유 7.0%이하, 수분 10.0%이하, 오메가-6 지방산 2.0%이상, 오메가-3 지방산 0.5%이상",
        "현재 재고 수량": "4개",
        "소비자 상담 전화": "마마캣 고객센터 (1544-6141)",
        "제품 포장 유형": "통포장 (지퍼 없음)"
    },
    {
        "id": 255,
        "name": "뉴트리소스 그레인프리 캣 컨트리 셀렉트 6.8kg",
        "image": "https://mamacat.co.kr/web/product/big/20191118/90e71c9c7f7ff470f2d72667ba33a811.jpg",
        "상품 간략설명": "전연령 | 홀리스틱 (700원/100g당)",
        "가격정책": "최저마진",
        "유통기한": "2022.07.06.",
        "사료등급": "홀리스틱",
        "정상 소비자가": "69,000원",
        "마마캣 판매가": "47,630원",
        "원산지": "미국",
        "제조자 | 수입자": "KLN Enterprises",
        "사용 연령": "전연령 (3개월 이상)",
        "100g 가격": "700원",
        "포장단위별 용량, 수량": "6.8kg",
        "법에 의한 인증 및 허가": "사료관리법에 따른 수입신고를 필함",
        "원료구성": "닭, 오리, 완두콩, 병아리콩, 완두콩 단백질, 닭지방, 아마씨, 건조한 계란, 칠면조, 토마토과즙, 각종 미네랄, 콜린, 콘드로이틴, 유카 추출물, 요오드, 로즈마리 추출물, 효모배양물, 유산균, 장구균, 간균성분, 비타민 등",
        "성분구성": "조단백질 36.0%이상, 조지방 16.0%이상, 조섬유 7.0%이하, 수분 10.0%이하, 오메가-6 지방산 2.0%이상, 오메가-3 지방산 0.5%이상",
        "현재 재고 수량": "7개",
        "소비자 상담 전화": "마마캣 고객센터 (1544-6141)",
        "제품 포장 유형": "통포장 (지퍼 없음)"
    },
    {
        "id": 256,
        "name": "뉴트리소스 캣 치킨 라이스 3kg",
        "image": "https://mamacat.co.kr/web/product/big/20191118/d9dae4ef9944bd06cf9f9dd040285952.jpg",
        "상품 간략설명": "전연령 | 슈퍼프리미엄 (606원/100g당)",
        "가격정책": "최저마진",
        "유통기한": "2022.07.05.",
        "사료등급": "슈퍼프리미엄",
        "정상 소비자가": "28,000원",
        "마마캣 판매가": "18,180원",
        "원산지": "미국",
        "제조자 | 수입자": "KLN Enterprises",
        "사용 연령": "전연령 (3개월 이상)",
        "100g 가격": "606원",
        "포장단위별 용량, 수량": "3kg",
        "법에 의한 인증 및 허가": "사료관리법에 따른 수입신고를 필함",
        "원료구성": "닭고기, 육분, 닭기름, 곡물류, 미량광물질합제, 비타민합제, 생균제",
        "성분구성": "조단백질 32.0%이상, 조지방 21.0%이상, 조섬유 4.0%이하, 조회분 11.0%이하, 칼슘 1.0%이상, 인 1.0%이상, 수분 14.0%이하",
        "현재 재고 수량": "5개",
        "소비자 상담 전화": "마마캣 고객센터 (1544-6141)",
        "제품 포장 유형": "통포장 (지퍼 없음)"
    },
    {
        "id": 257,
        "name": "뉴트리소스 캣 치킨 라이스 7.25kg",
        "image": "https://mamacat.co.kr/web/product/big/20191118/d11fcfd2ea2ced16391e7ad570610a48.jpg",
        "상품 간략설명": "전연령 | 슈퍼프리미엄 (584원/100g당)",
        "가격정책": "최저마진",
        "유통기한": "2022.02.08.",
        "사료등급": "슈퍼프리미엄",
        "정상 소비자가": "60,000원",
        "마마캣 판매가": "42,380원",
        "원산지": "미국",
        "제조자 | 수입자": "KLN Enterprises",
        "사용 연령": "전연령 (3개월 이상)",
        "100g 가격": "584원",
        "포장단위별 용량, 수량": "7.25kg",
        "법에 의한 인증 및 허가": "사료관리법에 따른 수입신고를 필함",
        "원료구성": "닭고기, 육분, 닭기름, 곡물류, 미량광물질합제, 비타민합제, 생균제",
        "성분구성": "조단백질 32.0%이상, 조지방 21.0%이상, 조섬유 4.0%이하, 조회분 11.0%이하, 칼슘 1.0%이상, 인 1.0%이상, 수분 14.0%이하",
        "현재 재고 수량": "3개",
        "소비자 상담 전화": "마마캣 고객센터 (1544-6141)",
        "제품 포장 유형": "통포장 (지퍼 없음)"
    },
    {
        "id": 258,
        "name": "뉴트리소스 캣 치킨 연어 3kg",
        "image": "https://mamacat.co.kr/web/product/big/202011/de55162d9b318a0f9155ba2f009a0793.png",
        "상품 간략설명": "전연령 | 슈퍼프리미엄 (639원/100g당)",
        "가격정책": "최저마진",
        "유통기한": "2022.07.05.",
        "사료등급": "슈퍼프리미엄",
        "정상 소비자가": "28,000원",
        "마마캣 판매가": "19,180원",
        "원산지": "미국",
        "제조자 | 수입자": "KLN Enterprises",
        "사용 연령": "전연령 (3개월 이상)",
        "100g 가격": "639원",
        "포장단위별 용량, 수량": "3kg",
        "법에 의한 인증 및 허가": "사료관리법에 따른 수입신고를 필함",
        "원료구성": "닭고기, 연어가루, 닭기름, 육분(닭), 곡물류, 미량광물질 합제, 비타민합제, 생균제",
        "성분구성": "조단백질 30.0%이상, 조지방 19.0%이상, 조섬유 5.0%이하, 조회분 8.2%이하, 칼슘 0.8%이상, 인 0.5%이하, 수분 14.0%이하",
        "현재 재고 수량": "4개",
        "소비자 상담 전화": "마마캣 고객센터 (1544-6141)",
        "제품 포장 유형": "통포장 (지퍼 없음)"
    },
    {
        "id": 259,
        "name": "뉴트리소스 캣 치킨 연어 7.25kg",
        "image": "https://mamacat.co.kr/web/product/big/20191118/e72a7b5ed496d21b7e857ac6762d3fae.jpg",
        "상품 간략설명": "전연령 | 슈퍼프리미엄 (584원/100g당)",
        "가격정책": "최저마진",
        "유통기한": "2022.07.06.",
        "사료등급": "슈퍼프리미엄",
        "정상 소비자가": "60,000원",
        "마마캣 판매가": "42,380원",
        "원산지": "미국",
        "제조자 | 수입자": "KLN Enterprises",
        "사용 연령": "전연령 (3개월 이상)",
        "100g 가격": "584원",
        "포장단위별 용량, 수량": "7.25kg",
        "법에 의한 인증 및 허가": "사료관리법에 따른 수입신고를 필함",
        "원료구성": "닭고기, 연어가루, 닭기름, 육분(닭), 곡물류, 미량광물질 합제, 비타민합제, 생균제",
        "성분구성": "조단백질 30.0%이상, 조지방 19.0%이상, 조섬유 5.0%이하, 조회분 8.2%이하, 칼슘 0.8%이상, 인 0.5%이하, 수분 14.0%이하",
        "현재 재고 수량": "3개",
        "소비자 상담 전화": "마마캣 고객센터 (1544-6141)",
        "제품 포장 유형": "통포장 (지퍼 없음)"
    },
    {
        "id": 260,
        "name": "뉴트리언스 그레인프리 캣 서브제로 프레이져 밸리 5kg",
        "image": "https://mamacat.co.kr/web/product/big/20191118/49309780627c702656c73337d740a35b.jpg",
        "상품 간략설명": "전연령 | 홀리스틱 (1162원/100g당)",
        "가격정책": "마마캣 회원등급 할인 상품",
        "유통기한": "2022.06.02.",
        "사료등급": "홀리스틱",
        "정상 소비자가": "73,000원",
        "마마캣 판매가": "58,120원",
        "가장 높은 회원등급 할인 적용시 구매가": "55,220원 (최대 2,900원 할인)",
        "원산지": "캐나다",
        "제조자 | 수입자": "뉴트리언스 코리아",
        "사용 연령": "전연령 (3개월 이상)",
        "100g 가격": "1162원",
        "포장단위별 용량, 수량": "5kg",
        "법에 의한 인증 및 허가": "사료관리법에 따른 수입신고를 필함",
        "원료구성": "뼈를 발라낸 신선한 닭고기, 뼈를 발라낸 신선한 칠면조, 건조 닭고기, 건조 칠면조, 연어, 닭간, 닭 심장, 칠면조 간, 칠면조 심장, 청어, 대구, 대구 간, 계란, 완두콩, 닭 지방, 레드 렌틸콩, 고구마, 병아리콩, 천연 치킨유, 자연 건조 알팔파, 동결건조 닭고기 등",
        "성분구성": "조단백질 42.0%이상, 조지방 20.0%이상, 조섬유 3.5%이하, 수분 10.0%이하, 조회분 7.5%이하, 칼슘 1.1%이상, 인 0.9%이상, 마그네슘 0.1%이하, 오메가-6 지방산 3.5%이상, 오메가-3 지방산 0.4%이상, 칼로리(ME)=380kcal/100g",
        "현재 재고 수량": "5개",
        "소비자 상담 전화": "마마캣 고객센터 (1544-6141)",
        "제품 포장 유형": "통포장 (지퍼팩 있음)"
    },
    {
        "id": 261,
        "name": "뉴트리웰 그레인프리 캣 전연령 오이스터 1.5kg",
        "image": "https://mamacat.co.kr/web/product/big/202011/f74d6f3adc227ad9495bbc5611defc02.jpg",
        "상품 간략설명": "전연령 | 홀리스틱 (0원/100g당) 고집 60g (1개 추가증정)",
        "가격정책": "마마캣 회원등급 할인 상품",
        "유통기한": "2022.04.29",
        "사료등급": "홀리스틱",
        "추가 증정": "고집 닭고기맛 60g (1개 추가증정)",
        "정상 소비자가": "18,000원",
        "마마캣 판매가": "18,000원",
        "가장 높은 회원등급 할인 적용시 구매가": "17,100원 (최대 900원 할인)",
        "원산지": "대한민국",
        "제조자 | 수입자": "(주)제일펫푸드",
        "사용 연령": "전연령 (3개월 이상)",
        "100g 가격": "0원",
        "포장단위별 용량, 수량": "1.5kg",
        "원료구성": "닭고기, 연어, 타피오카, 감자, 동물성혼합유지, 비트펄프, 가수분해참치, 굴, 아마인, 제올라이트, L-라이신, 석회석, 염화콜린, 정제소금, 메치오닌, 염화칼륨, 미량광물질류합제 (철, 망간, 아연, 구리, 요오드, 셀레늄, 코발트), 비타민제합제 (비타민A, E, D3 등)",
        "성분구성": "조단백질 32.0%이상, 조지방 16.0%이상, 조섬유 5.0%이하, 조회분 11.0%이하, 칼슘 1.20%이상, 인 0.8%이상, 수분 12.0%이하",
        "현재 재고 수량": "13개",
        "소비자 상담 전화": "마마캣 고객센터(1588-6141)",
        "제품 포장 유형": "통포장",
        "권장 급여량": "제품 상세페이지 참조",
        "제품 보관방법": "직사광선이 없는 곳에 실온보관",
        "제품 타입": "건사료"
    },
    {
        "id": 262,
        "name": "뉴트리웰 그레인프리 캣 전연령 오이스터 7kg",
        "image": "https://mamacat.co.kr/web/product/big/202011/c253d70b5509ad7eb8554ca3f84d3811.jpg",
        "상품 간략설명": "전연령 | 홀리스틱 (0원/100g당) 고집 60g (3개 추가증정)",
        "가격정책": "마마캣 회원등급 할인 상품",
        "유통기한": "2022.06.14.",
        "사료등급": "홀리스틱",
        "추가 증정": "고집 닭고기맛 60g (3개 추가증정)",
        "정상 소비자가": "58,000원",
        "마마캣 판매가": "58,000원",
        "가장 높은 회원등급 할인 적용시 구매가": "55,100원 (최대 2,900원 할인)",
        "원산지": "대한민국",
        "제조자 | 수입자": "(주)제일펫푸드",
        "사용 연령": "전연령 (3개월 이상)",
        "100g 가격": "0원",
        "포장단위별 용량, 수량": "(500g × 14개) / 7kg",
        "원료구성": "닭고기, 연어, 타피오카, 감자, 동물성혼합유지, 비트펄프, 가수분해참치, 굴, 아마인, 제올라이트, L-라이신, 석회석, 염화콜린, 정제소금, 메치오닌, 염화칼륨, 미량광물질류합제 (철, 망간, 아연, 구리, 요오드, 셀레늄, 코발트), 비타민제합제 (비타민A, E, D3 등)",
        "성분구성": "조단백질 32.0%이상, 조지방 16.0%이상, 조섬유 5.0%이하, 조회분 11.0%이하, 칼슘 1.20%이상, 인 0.8%이상, 수분 12.0%이하",
        "현재 재고 수량": "3개",
        "소비자 상담 전화": "마마캣 고객센터(1588-6141)",
        "제품 포장 유형": "500g 소분포장 (총 7kg)",
        "권장 급여량": "제품 상세페이지 참조",
        "제품 보관방법": "직사광선이 없는 곳에 실온보관",
        "제품 타입": "건사료"
    },
    {
        "id": 263,
        "name": "닥터링크 캣 스페셜 다이어트 주식캔 no.2 위장관 칠면조 200g",
        "image": "https://mamacat.co.kr/web/product/big/202007/f8c21d3fb83944d12bf7da8e5b98a3c5.jpg",
        "가격정책": "마마캣 회원등급 할인 상품",
        "유통기한": "2023.06.28.",
        "정상 소비자가": "7,600원",
        "마마캣 판매가": "7,600원",
        "가장 높은 회원등급 할인 적용시 구매가": "7,220원 (최대 380원 할인)",
        "원산지": "독일",
        "제조자 | 수입자": "닥터링크 | 베이비프리즘",
        "사용 연령": "어덜트 (12개월 이상)",
        "100g 가격": "3800원",
        "포장단위별 용량, 수량": "200g",
        "법에 의한 인증 및 허가": "사료관리법에 따른 수입신고를 필함",
        "원료구성": "칠면조 (심장, 간, 위) : 60%, 육수 (가금류), 당근 4%, 미네랄 1% 등",
        "성분구성": "조단백질 8.3%이상, 조지방 0.9%이상, 조섬유 2.15%이하, 조회분 3.5%이하, 칼슘 0.05%, 인 0%이상 (최대 0.35%), 수분 89%이하",
        "현재 재고 수량": "6개",
        "소비자 상담 전화": "마마캣 고객센터 (1544-6141)",
        "제품 포장 유형": "캔",
        "권장 급여량": "상세페이지 참조",
        "제품 보관방법": "직사광선이 없으며 서늘하고 건조한 곳에 실온보관"
    },
    {
        "id": 264,
        "name": "닥터링크 캣 스페셜 다이어트 주식캔 no.34 퓨어센서티브 무곡물 연어&가금류 200g",
        "image": "https://mamacat.co.kr/web/product/big/202007/d243d965660c1ac1863f1b8482554a61.jpg",
        "가격정책": "마마캣 회원등급 할인 상품",
        "유통기한": "2024.11.26.",
        "정상 소비자가": "6,600원",
        "마마캣 판매가": "6,600원",
        "가장 높은 회원등급 할인 적용시 구매가": "6,270원 (최대 330원 할인)",
        "원산지": "독일",
        "제조자 | 수입자": "닥터링크 | 베이비프리즘",
        "사용 연령": "어덜트 (12개월 이상)",
        "100g 가격": "3300원",
        "포장단위별 용량, 수량": "200g",
        "법에 의한 인증 및 허가": "사료관리법에 따른 수입신고를 필함",
        "원료구성": "가금류-닭고기, 칠면조(살코기, 심장, 간, 폐, 목) : 56%, 육수(가금류 28.49%, 연어 14% 등",
        "성분구성": "조단백질 7.2% 이상, 조지방 3.2% 이상, 조섬유 2.15%이하, 조회분 3.5%이하, 칼슘 0.03%, 인 0% 이상(최대 0.38%), 수분 87%이하",
        "현재 재고 수량": "8개",
        "소비자 상담 전화": "마마캣 고객센터 (1544-6141)",
        "제품 포장 유형": "캔",
        "권장 급여량": "상세페이지 참조",
        "제품 보관방법": "직사광선이 없으며 서늘하고 건조한 곳에 실온보관"
    },
    {
        "id": 265,
        "name": "닥터링크 캣 스페셜 다이어트 주식캔 no.35 퓨어센서티브 무곡물 칠면조 (단일단백질) 200g",
        "image": "https://mamacat.co.kr/web/product/big/202007/28b9d436b4f53b02c88331bc5d2649ec.jpg",
        "가격정책": "마마캣 회원등급 할인 상품",
        "유통기한": "2023.11.05.",
        "정상 소비자가": "6,600원",
        "마마캣 판매가": "6,600원",
        "가장 높은 회원등급 할인 적용시 구매가": "6,270원 (최대 330원 할인)",
        "원산지": "독일",
        "제조자 | 수입자": "닥터링크 | 베이비프리즘",
        "사용 연령": "어덜트 (12개월 이상)",
        "100g 가격": "3300원",
        "포장단위별 용량, 수량": "200g",
        "법에 의한 인증 및 허가": "사료관리법에 따른 수입신고를 필함",
        "원료구성": "칠면조 (살코기, 심장, 간, 목) : 70%, 육수(가금류) : 28.49%, 미네랄(아연, 망간, 일수화물) : 1% 등",
        "성분구성": "조단백질 9%이상, 조지방 3.8%이상, 조섬유 2.15%이하, 조회분 3.2%이하, 칼슘 0.04%, 인 0% 이상(최대 0.37%), 수분 87%이하",
        "현재 재고 수량": "9개",
        "소비자 상담 전화": "마마캣 고객센터 (1544-6141)",
        "제품 포장 유형": "캔",
        "권장 급여량": "상세페이지 참조",
        "제품 보관방법": "직사광선이 없으며 서늘하고 건조한 곳에 실온보관"
    },
    {
        "id": 266,
        "name": "닥터링크 캣 스페셜 다이어트 주식캔 no.38 퓨어센서티브 무곡물 닭고기&메추리 200g",
        "image": "https://mamacat.co.kr/web/product/big/202007/e344f027fe217739c1de3a2c4606c26a.jpg",
        "가격정책": "마마캣 회원등급 할인 상품",
        "유통기한": "2024.11.24.",
        "정상 소비자가": "6,600원",
        "마마캣 판매가": "6,600원",
        "가장 높은 회원등급 할인 적용시 구매가": "6,270원 (최대 330원 할인)",
        "원산지": "독일",
        "제조자 | 수입자": "닥터링크 | 베이비프리즘",
        "사용 연령": "어덜트 (12개월 이상)",
        "100g 가격": "3300원",
        "포장단위별 용량, 수량": "200g",
        "법에 의한 인증 및 허가": "사료관리법에 따른 수입신고를 필함",
        "원료구성": "닭고기 (살코기, 심장, 간, 위, 목) : 50%, 육수 (가금류) : 29.49%, 메추리 (고기 및 내장) : 20%, 미네랄 (아연, 망간, 일수화물) : 1%, MOS(만난올리고당) : 0.1%, FOS (프랑토올리고당): 0.1% 등",
        "성분구성": "조단백질 9%이상, 조지방 4.1%이상, 조섬유 2.15%이하, 조회분 3.4%이하, 칼슘 0%, 인 0%이상(최대0.33%), 수분 87%이하",
        "현재 재고 수량": "4개",
        "소비자 상담 전화": "마마캣 고객센터 (1544-6141)",
        "제품 포장 유형": "캔",
        "권장 급여량": "상세페이지 참조",
        "제품 보관방법": "직사광선이 없으며 서늘하고 건조한 곳에 실온보관"
    },
    {
        "id": 267,
        "name": "닥터링크 캣 스페셜 다이어트 주식캔 no.41 키튼 현미와 아마씨유를 곁들인 연한 가금류 200g",
        "image": "https://mamacat.co.kr/web/product/big/202007/1f62de5e1c5274b8ae5696dc2a0517c6.jpg",
        "가격정책": "마마캣 회원등급 할인 상품",
        "유통기한": "2023.05.06.",
        "정상 소비자가": "6,600원",
        "마마캣 판매가": "6,600원",
        "가장 높은 회원등급 할인 적용시 구매가": "6,270원 (최대 330원 할인)",
        "원산지": "독일",
        "제조자 | 수입자": "닥터링크 | 베이비프리즘",
        "사용 연령": "자묘용 (2개월 이후 추천)",
        "100g 가격": "3300원",
        "포장단위별 용량, 수량": "200g",
        "법에 의한 인증 및 허가": "사료관리법에 따른 수입신고를 필함",
        "원료구성": "가금류-닭고기,칠면조(고기, 심장, 간, 위, 목살) : 70%, 육수(가금류) : 25.9%, 현미 3%, 미네랄 1%, 아마씨오일 0.1%",
        "성분구성": "조단백질 9.2% 이상, 조지방 4.9%이상, 조섬유 2.05%이하, 조회분 3.2%이하, 칼슘 0.16%, 인 0%이상 (최대 0.4%), 수분 87%이하",
        "현재 재고 수량": "10개",
        "소비자 상담 전화": "마마캣 고객센터 (1544-6141)",
        "제품 포장 유형": "캔",
        "권장 급여량": "상세페이지 참조",
        "제품 보관방법": "직사광선이 없으며 서늘하고 건조한 곳에 실온보관"
    },
    {
        "id": 268,
        "name": "닥터링크 캣 스페셜 다이어트 주식캔 no.6 비뇨기, 닭고기&흰살생선 200g",
        "image": "https://mamacat.co.kr/web/product/big/202007/aec3aa630659d9801bb4fbc0a39b45cc.jpg",
        "가격정책": "마마캣 회원등급 할인 상품",
        "유통기한": "2023.04.11.",
        "정상 소비자가": "7,600원",
        "마마캣 판매가": "7,600원",
        "가장 높은 회원등급 할인 적용시 구매가": "7,220원 (최대 380원 할인)",
        "원산지": "독일",
        "제조자 | 수입자": "닥터링크 | 베이비프리즘",
        "사용 연령": "어덜트 (12개월 이상)",
        "100g 가격": "3800원",
        "포장단위별 용량, 수량": "200g",
        "법에 의한 인증 및 허가": "사료관리법에 따른 수입신고를 필함",
        "원료구성": "닭고기 (위, 심장, 간, 지방) : 58%, 육수 (닭고기), 흰살생선 10%, 미네랄 (아연,망간,일수화물) : 0.1%, 연어 오일 0.5%, 탄산칼슘",
        "성분구성": "조단백질 8.6%이상, 조지방 3%이상, 조섬유 2.05%이하, 조회분 3.3%이하, 칼슘 0.04%, 인 0.01%이상 (최대 0.41%), 수분 88%이하",
        "현재 재고 수량": "4개",
        "소비자 상담 전화": "마마캣 고객센터 (1544-6141)",
        "제품 포장 유형": "캔",
        "권장 급여량": "상세페이지 참조",
        "제품 보관방법": "직사광선이 없으며 서늘하고 건조한 곳에 실온보관"
    },
    {
        "id": 269,
        "name": "[대용량] 쉬바 멜티 고양이파우치 3종 맛보기 240g × 3개",
        "image": "https://mamacat.co.kr/web/product/big/20200617/1fd968671c454986709f0d050c73bc1d.jpg",
        "가격정책": "마마캣 회원등급 할인 상품",
        "유통기한": "각 상품 상세페이지 참고",
        "정상 소비자가": "29,700원",
        "마마캣 판매가": "31,430원",
        "가장 높은 회원등급 할인 적용시 구매가": "29,860원 (최대 1,570원 할인)",
        "원산지": "태국",
        "제조자 | 수입자": "PATAYA FOOD INDUSTRIES LTD. | 한국마즈",
        "사용 연령": "성묘용 (12개월 이상)",
        "포장단위별 용량, 수량": "240g × 3종",
        "법에 의한 인증 및 허가": "사료관리법에 따른 수입신고를 필함",
        "원료구성": "각 상품 상세페이지 참고",
        "성분구성": "조단백 5.0% 이상, 조지방 0.2% 이상, 조섬유 0.5% 이하, 조회분 3.0% 이하, 칼슘 0.001% 이상, 인 0.01% 이상, 수분 90.0% 이하",
        "현재 재고 수량": "18개",
        "소비자 상담 전화": "마마캣 고객센터 (1544-6141)"
    },
    {
        "id": 270,
        "name": "[대용량] 쉬바 멜티 고양이파우치 가다랑어 2가지 맛 12g × 20봉",
        "image": "https://mamacat.co.kr/web/product/big/20200617/ba7047975d87c8811e457616f15264e7.jpg",
        "가격정책": "마마캣 회원등급 할인 상품",
        "유통기한": "2023.02.11.",
        "정상 소비자가": "14,000원",
        "마마캣 판매가": "10,980원",
        "가장 높은 회원등급 할인 적용시 구매가": "10,440원 (최대 540원 할인)",
        "원산지": "태국",
        "제조자 | 수입자": "PATAYA FOOD INDUSTRIES LTD. | 한국마즈",
        "사용 연령": "성묘용 (12개월 이상)",
        "포장단위별 용량, 수량": "12g × 20개",
        "법에 의한 인증 및 허가": "사료관리법에 따른 수입신고를 필함",
        "원료구성": "상세페이지 참고",
        "성분구성": "조단백 5.0% 이상, 조지방 0.2% 이상, 조섬유 0.5% 이하, 조회분 3.0% 이하, 칼슘 0.001% 이상, 인 0.01% 이상, 수분 90.0% 이하",
        "현재 재고 수량": "45개",
        "소비자 상담 전화": "마마캣 고객센터 (1544-6141)"
    },
    {
        "id": 271,
        "name": "[대용량] 쉬바 멜티 고양이파우치 닭고기 2가지 맛 12g × 20봉",
        "image": "https://mamacat.co.kr/web/product/big/20200617/423b2de6292e12a0a693279a94a33249.jpg",
        "가격정책": "마마캣 회원등급 할인 상품",
        "유통기한": "2022.09.03.",
        "정상 소비자가": "14,000원",
        "마마캣 판매가": "10,980원",
        "가장 높은 회원등급 할인 적용시 구매가": "10,440원 (최대 540원 할인)",
        "원산지": "태국",
        "제조자 | 수입자": "PATAYA FOOD INDUSTRIES LTD. | 한국마즈",
        "사용 연령": "성묘용 (12개월 이상)",
        "포장단위별 용량, 수량": "12g × 20개",
        "법에 의한 인증 및 허가": "사료관리법에 따른 수입신고를 필함",
        "원료구성": "각 상품의 상세페이지 참고",
        "성분구성": "조단백 5.0% 이상, 조지방 0.2% 이상, 조섬유 0.5% 이하, 조회분 3.0% 이하, 칼슘 0.001% 이상, 인 0.01% 이상, 수분 90.0% 이하",
        "현재 재고 수량": "39개",
        "소비자 상담 전화": "마마캣 고객센터 (1544-6141)"
    },
    {
        "id": 272,
        "name": "[대용량] 쉬바 멜티 고양이파우치 참치 2가지 맛 12g × 20봉",
        "image": "https://mamacat.co.kr/web/product/big/20200617/6f8e06967222277538fa2c0e03383943.jpg",
        "가격정책": "마마캣 회원등급 할인 상품",
        "유통기한": "2022.11.23.",
        "정상 소비자가": "14,000원",
        "마마캣 판매가": "10,980원",
        "가장 높은 회원등급 할인 적용시 구매가": "10,440원 (최대 540원 할인)",
        "원산지": "태국",
        "제조자 | 수입자": "PATAYA FOOD INDUSTRIES LTD. | 한국마즈",
        "사용 연령": "성묘용 (12개월 이상)",
        "포장단위별 용량, 수량": "12g × 20개",
        "법에 의한 인증 및 허가": "사료관리법에 따른 수입신고를 필함",
        "원료구성": "상세페이지 참고",
        "성분구성": "조단백 5.0% 이상, 조지방 0.2% 이상, 조섬유 0.5% 이하, 조회분 3.0% 이하, 칼슘 0.001% 이상, 인 0.01% 이상, 수분 90.0% 이하",
        "현재 재고 수량": "43개",
        "소비자 상담 전화": "마마캣 고객센터 (1544-6141)"
    },
    {
        "id": 273,
        "name": "더독 수제 삼계죽 150g",
        "image": "https://mamacat.co.kr/web/product/big/20191203/69157b34154235572a97d684e99f7b9c.jpg",
        "가격정책": "마마캣 회원등급 할인 상품",
        "유통기한": "2022.05.26.",
        "정상 소비자가": "4,000원",
        "마마캣 판매가": "3,000원",
        "가장 높은 회원등급 할인 적용시 구매가": "2,850원 (최대 150원 할인)",
        "원산지": "중국",
        "제조자 | 수입자": "한국사료주식회사",
        "사용 연령": "6개월 이상 급여",
        "100g 가격": "2,000원",
        "포장단위별 용량, 수량": "150g",
        "법에 의한 인증 및 허가": "사료관리법에 따른 수입신고를 필함",
        "원료구성": "닭가슴살, 현미, 당근, 감자, 인삼, 닭고기국물",
        "성분구성": "조단백질 2.0%이상, 조지방 0.1%이상, 조섬유 1.0%이하, 조회분 1.2%이하, 칼슘 0.01%이상, 인 0.02%이상, 수분 93.0%이하",
        "현재 재고 수량": "12개",
        "소비자 상담 전화": "마마캣 고객센터 (1544-6141)"
    },
    {
        "id": 274,
        "name": "더독 수제 삼계탕 150g",
        "image": "https://mamacat.co.kr/web/product/big/20191203/d6c20b4889d93e0b986d05e49e7e3790.jpg",
        "가격정책": "마마캣 회원등급 할인 상품",
        "유통기한": "2022.05.26.",
        "정상 소비자가": "4,000원",
        "마마캣 판매가": "3,000원",
        "가장 높은 회원등급 할인 적용시 구매가": "2,850원 (최대 150원 할인)",
        "원산지": "중국",
        "제조자 | 수입자": "한국사료주식회사",
        "사용 연령": "6개월 이상 급여",
        "100g 가격": "2,000원",
        "포장단위별 용량, 수량": "150g",
        "법에 의한 인증 및 허가": "사료관리법에 따른 수입신고를 필함",
        "원료구성": "닭가슴살, 당근, 감자, 닭고기국물, 인삼, 타피오카, 녹말",
        "성분구성": "조단백질 14.0%이상, 조지방 0.1%이상, 조섬유 1.0%이하, 조회분 1.2%이하, 칼슘 0.01%이상, 인 0.02%이상, 수분 85.0%이하",
        "현재 재고 수량": "5개",
        "소비자 상담 전화": "마마캣 고객센터 (1544-6141)"
    },
    {
        "id": 275,
        "name": "더독 수제 시리즈 5종 맛보기 150g × 5개",
        "image": "https://mamacat.co.kr/web/product/big/20191203/b91a35bab2c634986260bed82bfa0933.jpg",
        "가격정책": "마마캣 회원등급 할인 상품",
        "정상 소비자가": "20,000원",
        "마마캣 판매가": "14,500원",
        "가장 높은 회원등급 할인 적용시 구매가": "13,780원 (최대 720원 할인)",
        "원산지": "중국",
        "제조자 | 수입자": "한국사료주식회사",
        "사용 연령": "6개월 이상 급여",
        "100g 가격": "1,933원",
        "포장단위별 용량, 수량": "150g × 5개",
        "법에 의한 인증 및 허가": "사료관리법에 따른 수입신고를 필함",
        "원료구성": "각 상품 상세페이지 참고",
        "성분구성": "각 상품 상세페이지 참고",
        "현재 재고 수량": "3개",
        "소비자 상담 전화": "마마캣 고객센터 (1544-6141)"
    },
    {
        "id": 276,
        "name": "더독 수제 오리죽 150g",
        "image": "https://mamacat.co.kr/web/product/big/20191203/4a76d6cb14666f66c29ad112b5d0dd7e.jpg",
        "가격정책": "마마캣 회원등급 할인 상품",
        "유통기한": "2022.01.20.",
        "정상 소비자가": "4,000원",
        "마마캣 판매가": "3,000원",
        "가장 높은 회원등급 할인 적용시 구매가": "2,850원 (최대 150원 할인)",
        "원산지": "중국",
        "제조자 | 수입자": "한국사료주식회사",
        "사용 연령": "6개월 이상 급여",
        "100g 가격": "2,000원",
        "포장단위별 용량, 수량": "150g",
        "법에 의한 인증 및 허가": "사료관리법에 따른 수입신고를 필함",
        "원료구성": "오리고기, 현미, 당근, 감자, 인삼, 오리고기국물",
        "성분구성": "조단백질 2.0%이상, 조지방 0.1%이상, 조섬유 1.5%이하, 조회분 1.5%이하, 칼슘 0.01%이상, 인 0.01%이상, 수분 93.0%이하",
        "현재 재고 수량": "6개",
        "소비자 상담 전화": "마마캣 고객센터 (1544-6141)"
    },
    {
        "id": 277,
        "name": "더독 수제 오리탕 150g",
        "image": "https://mamacat.co.kr/web/product/big/20191203/7db97e3b56a9141aee775d73e100ae36.jpg",
        "가격정책": "마마캣 회원등급 할인 상품",
        "유통기한": "2022.05.26.",
        "정상 소비자가": "4,000원",
        "마마캣 판매가": "3,000원",
        "가장 높은 회원등급 할인 적용시 구매가": "2,850원 (최대 150원 할인)",
        "원산지": "중국",
        "제조자 | 수입자": "한국사료주식회사",
        "사용 연령": "6개월 이상 급여",
        "100g 가격": "2,000원",
        "포장단위별 용량, 수량": "150g",
        "법에 의한 인증 및 허가": "사료관리법에 따른 수입신고를 필함",
        "원료구성": "오리고기, 당근, 감자, 인삼, 오리고기국물, 타피오카, 녹말",
        "성분구성": "조단백질 12.0%이상, 조지방 0.1%이상, 조섬유 1.5%이하, 조회분 1.5%이하, 칼슘 0.01%이상, 인 0.01%이상, 수분 85.0%이하",
        "현재 재고 수량": "12개",
        "소비자 상담 전화": "마마캣 고객센터 (1544-6141)"
    },
    {
        "id": 278,
        "name": "동원 뉴트리플랜 모이스트루 4종 맛보기 80g × 4개",
        "image": "https://mamacat.co.kr/web/product/big/20200504/29f11559589acbc7705c5d90972bb835.jpg",
        "가격정책": "마마캣 회원등급 할인 상품",
        "유통기한": "각 상품 상세페이지 참고",
        "정상 소비자가": "6,000원",
        "마마캣 판매가": "3,080원",
        "가장 높은 회원등급 할인 적용시 구매가": "2,930원 (최대 150원 할인)",
        "원산지": "한국",
        "제조자 | 수입자": "(주)동원F&B",
        "사용 연령": "성묘용",
        "현재 재고 수량": "6개",
        "소비자 상담 전화": "마마캣 고객센터 (1544-6141)"
    },
    {
        "id": 279,
        "name": "동원 뉴트리플랜 모이스트루 닭고기 퓨레 30g × 24개",
        "image": "https://mamacat.co.kr/web/product/big/201910/f5fe2ff15e2ee662592e23a0f7e15973.jpg",
        "가격정책": "마마캣 회원등급 할인 상품",
        "유통기한": "2023.01.07.",
        "정상 소비자가": "36,000원",
        "마마캣 판매가": "19,210원",
        "가장 높은 회원등급 할인 적용시 구매가": "18,250원 (최대 960원 할인)",
        "원산지": "한국",
        "제조자 | 수입자": "(주)동원F&B",
        "사용 연령": "전연령",
        "포장단위별 용량, 수량": "30g × 24개",
        "법에 의한 인증 및 허가": "사료관리법에 따른 수입신고를 필함",
        "원료구성": "닭고기,정제수,전분,카톨라유,타우린,이눌린,비타민E,개다리열매,유도단백질",
        "성분구성": "조단백질 8.5%이상,조지방 10%이상,칼슘0.05%이상,인0.07%이상,조섬유 0.65%이하,조회분 0.65%이하,수분 85%이하",
        "색상": "분홍색",
        "현재 재고 수량": "7개",
        "소비자 상담 전화": "마마캣 고객센터 (1544-6141)"
    },
    {
        "id": 280,
        "name": "동원 뉴트리플랜 모이스트루 닭고기 퓨레 30g",
        "image": "https://mamacat.co.kr/web/product/big/20200409/b65ec83af58e03a1f2185dcdc38026fd.jpg",
        "가격정책": "마마캣 회원등급 할인 상품",
        "유통기한": "2023.01.07.",
        "정상 소비자가": "1,500원",
        "마마캣 판매가": "890원",
        "가장 높은 회원등급 할인 적용시 구매가": "850원 (최대 40원 할인)",
        "원산지": "한국",
        "제조자 | 수입자": "(주)동원F&B",
        "사용 연령": "전연령",
        "포장단위별 용량, 수량": "30g",
        "법에 의한 인증 및 허가": "사료관리법에 따른 수입신고를 필함",
        "원료구성": "닭고기,정제수,전분,카톨라유,타우린,이눌린,비타민E,개다리열매,유도단백질",
        "성분구성": "조단백질 8.5%이상,조지방 10%이상,칼슘0.05%이상,인0.07%이상,조섬유 0.65%이하,조회분 0.65%이하,수분 85%이하",
        "색상": "분홍색",
        "현재 재고 수량": "12개",
        "소비자 상담 전화": "마마캣 고객센터 (1544-6141)"
    },
    {
        "id": 281,
        "name": "동원 뉴트리플랜 모이스트루 영양스프 캣 2종 맛보기 50g × 2개",
        "image": "https://mamacat.co.kr/web/product/big/20200504/740abc2259e484ccba28699b87162e3c.jpg",
        "가격정책": "마마캣 회원등급 할인 상품",
        "유통기한": "각 상품 상세페이지 참고",
        "정상 소비자가": "3,000원",
        "마마캣 판매가": "1,970원",
        "가장 높은 회원등급 할인 적용시 구매가": "1,880원 (최대 90원 할인)",
        "원산지": "한국",
        "제조자 | 수입자": "(주)동원F&B",
        "포장단위별 용량, 수량": "50g X 2종",
        "법에 의한 인증 및 허가": "사료관리법에 따른 수입신고를 필함",
        "원료구성": "각 상품 상세페이지 참고",
        "성분구성": "각 상품 상세페이지 참고",
        "현재 재고 수량": "10개",
        "소비자 상담 전화": "마마캣 고객센터 (1544-6141)"
    },
    {
        "id": 282,
        "name": "동원 뉴트리플랜 모이스트루 영양스프 캣 연어 50g × 12개",
        "image": "https://mamacat.co.kr/web/product/big/201905/51c55819ac5e787582b16737a575177a.jpg",
        "가격정책": "마마캣 회원등급 할인 상품",
        "유통기한": "2022.03.18.",
        "정상 소비자가": "18,000원",
        "마마캣 판매가": "10,290원",
        "가장 높은 회원등급 할인 적용시 구매가": "9,780원 (최대 510원 할인)",
        "원산지": "한국",
        "제조자 | 수입자": "(주)동원F&B",
        "포장단위별 용량, 수량": "50g × 12개",
        "법에 의한 인증 및 허가": "사료관리법에 따른 수입신고를 필함",
        "원료구성": "정제수,연어,게맛살,고명지단,황태엑기스,홍삼농축액,이눌린,타우린,글리코사민염산염,비타민E,변성전분,잔탄검,향미제",
        "성분구성": "조단백질3.0%이상,조지방0.7%이상,칼슘0.01%이상,인0.02%이상,조섬유0.25%이하,조회분0.7%이하,수분95%이하",
        "현재 재고 수량": "7개",
        "소비자 상담 전화": "마마캣 고객센터 (1544-6141)"
    },
    {
        "id": 283,
        "name": "동원 뉴트리플랜 모이스트루 영양스프 캣 연어 50g",
        "image": "https://mamacat.co.kr/web/product/big/20200504/3ea8febcd31452701b80f9680da555c6.jpg",
        "가격정책": "마마캣 회원등급 할인 상품",
        "유통기한": "2022.03.18.",
        "정상 소비자가": "1,500원",
        "마마캣 판매가": "1,000원",
        "가장 높은 회원등급 할인 적용시 구매가": "950원 (최대 50원 할인)",
        "원산지": "한국",
        "제조자 | 수입자": "(주)동원F&B",
        "포장단위별 용량, 수량": "50g",
        "법에 의한 인증 및 허가": "사료관리법에 따른 수입신고를 필함",
        "원료구성": "정제수,연어,게맛살,고명지단,황태엑기스,홍삼농축액,이눌린,타우린,글리코사민염산염,비타민E,변성전분,잔탄검,향미제",
        "성분구성": "조단백질3.0%이상,조지방0.7%이상,칼슘0.01%이상,인0.02%이상,조섬유0.25%이하,조회분0.7%이하,수분95%이하",
        "현재 재고 수량": "14개",
        "소비자 상담 전화": "마마캣 고객센터 (1544-6141)"
    },
    {
        "id": 284,
        "name": "동원 뉴트리플랜 모이스트루 영양스프 캣 참치 50g × 12개",
        "image": "https://mamacat.co.kr/web/product/big/201905/7853bcee77ccf0ec0854e6e3f6021e77.jpg",
        "가격정책": "마마캣 회원등급 할인 상품",
        "유통기한": "2023.03.09.",
        "정상 소비자가": "18,000원",
        "마마캣 판매가": "10,290원",
        "가장 높은 회원등급 할인 적용시 구매가": "9,780원 (최대 510원 할인)",
        "원산지": "한국",
        "제조자 | 수입자": "(주)동원F&B",
        "포장단위별 용량, 수량": "50g × 12개",
        "법에 의한 인증 및 허가": "사료관리법에 따른 수입신고를 필함",
        "원료구성": "정제수,참치,게맛살,가쓰오브시,참치자숙농축액,홍삼농축액,이눌린,타우린,글리코사민염산염,비타민E,변성전분,잔단검,향미제",
        "성분구성": "조단백질4.0%이상,조지방0.15%이상,칼슘0.6%이상,인0.03%이상,조섬유0.1%이하,조회분0.6%이하,수분95%이하",
        "현재 재고 수량": "4개",
        "소비자 상담 전화": "마마캣 고객센터 (1544-6141)"
    },
    {
        "id": 285,
        "name": "동원 뉴트리플랜 모이스트루 영양스프 캣 참치 50g",
        "image": "https://mamacat.co.kr/web/product/big/20200504/45c9a111aff2c5b7ca55e69d3962833a.jpg",
        "가격정책": "마마캣 회원등급 할인 상품",
        "유통기한": "2023.03.09.",
        "정상 소비자가": "1,500원",
        "마마캣 판매가": "1,000원",
        "가장 높은 회원등급 할인 적용시 구매가": "950원 (최대 50원 할인)",
        "원산지": "한국",
        "제조자 | 수입자": "(주)동원F&B",
        "포장단위별 용량, 수량": "50g",
        "법에 의한 인증 및 허가": "사료관리법에 따른 수입신고를 필함",
        "원료구성": "정제수,참치,게맛살,가쓰오브시,참치자숙농축액,홍삼농축액,이눌린,타우린,글리코사민염산염,비타민E,변성전분,잔단검,향미제",
        "성분구성": "조단백질4.0%이상,조지방0.15%이상,칼슘0.6%이상,인0.03%이상,조섬유0.1%이하,조회분0.6%이하,수분95%이하",
        "현재 재고 수량": "10개",
        "소비자 상담 전화": "마마캣 고객센터 (1544-6141)"
    },
    {
        "id": 286,
        "name": "동원 뉴트리플랜 모이스트루 참치 80g × 12개",
        "image": "https://mamacat.co.kr/web/product/big/20200504/1d9b405c225912ae3dadb0bfc70fc98d.jpg",
        "가격정책": "마마캣 회원등급 할인 상품",
        "유통기한": "2023.03.19.",
        "정상 소비자가": "18,000원",
        "마마캣 판매가": "7,920원",
        "가장 높은 회원등급 할인 적용시 구매가": "7,530원 (최대 390원 할인)",
        "원산지": "한국",
        "제조자 | 수입자": "(주)동원F&B",
        "사용 연령": "1세 이상 성묘용",
        "포장단위별 용량, 수량": "80g × 12개",
        "법에 의한 인증 및 허가": "사료관리법에 따른 수입신고를 필함",
        "원료구성": "참치살, 참치알, 정제수, 참치자숙농축액, 크랜베리농축액, 이눌린, 비타민E, 향미제, 겔화제",
        "성분구성": "조단백질12.0%이상,조지방1.4%이상,칼슘0.01%이상,인0.1%이상,조섬유0.2%이하,조회분1.8%이하,수분84.0%이하",
        "현재 재고 수량": "8개",
        "소비자 상담 전화": "마마캣 고객센터 (1544-6141)"
    },
    {
        "id": 287,
        "name": "동원 뉴트리플랜 모이스트루 참치 80g",
        "image": "https://mamacat.co.kr/web/product/big/20200504/6bf3849e64e5c5e62050fa1e50e061f6.jpg",
        "가격정책": "마마캣 회원등급 할인 상품",
        "유통기한": "2023.03.19.",
        "정상 소비자가": "1,500원",
        "마마캣 판매가": "790원",
        "가장 높은 회원등급 할인 적용시 구매가": "760원 (최대 30원 할인)",
        "원산지": "한국",
        "제조자 | 수입자": "(주)동원F&B",
        "사용 연령": "1세 이상 성묘용",
        "포장단위별 용량, 수량": "80g",
        "법에 의한 인증 및 허가": "사료관리법에 따른 수입신고를 필함",
        "원료구성": "참치살, 참치알, 정제수, 참치자숙농축액, 크랜베리농축액, 이눌린, 비타민E, 향미제, 겔화제",
        "성분구성": "조단백질12.0%이상,조지방1.4%이상,칼슘0.01%이상,인0.1%이상,조섬유0.2%이하,조회분1.8%이하,수분84.0%이하",
        "현재 재고 수량": "9개",
        "소비자 상담 전화": "마마캣 고객센터 (1544-6141)"
    },
    {
        "id": 288,
        "name": "동원 뉴트리플랜 모이스트루 참치 퓨레 30g × 24개",
        "image": "https://mamacat.co.kr/web/product/big/201910/0af7cf2a12c1d44a49afeecd736b8b5c.jpg",
        "가격정책": "마마캣 회원등급 할인 상품",
        "유통기한": "2022.01.01.",
        "정상 소비자가": "36,000원",
        "마마캣 판매가": "19,210원",
        "가장 높은 회원등급 할인 적용시 구매가": "18,250원 (최대 960원 할인)",
        "원산지": "한국",
        "제조자 | 수입자": "(주)동원F&B",
        "사용 연령": "전연령",
        "포장단위별 용량, 수량": "30g × 24개",
        "법에 의한 인증 및 허가": "사료관리법에 따른 수입신고를 필함",
        "원료구성": "참치흰살,정제수,전분,카톨라유,타우린,이눌린,비타민E개다리열매,유도단백질",
        "성분구성": "조단백질 9.0%이상,조지방1.55%이상,칼슘0.00%이상,인0.06%이상,조섬유 0.06%이하,조회분 1.2%이하,수분90%이하",
        "색상": "주황색",
        "현재 재고 수량": "4개",
        "소비자 상담 전화": "마마캣 고객센터 (1544-6141)"
    },
    {
        "id": 289,
        "name": "동원 뉴트리플랜 모이스트루 참치 퓨레 30g",
        "image": "https://mamacat.co.kr/web/product/big/20200409/915880a7f013bcff102ffe53f312493d.jpg",
        "가격정책": "마마캣 회원등급 할인 상품",
        "유통기한": "2022.01.01.",
        "정상 소비자가": "1,500원",
        "마마캣 판매가": "890원",
        "가장 높은 회원등급 할인 적용시 구매가": "850원 (최대 40원 할인)",
        "원산지": "한국",
        "제조자 | 수입자": "(주)동원F&B",
        "사용 연령": "전연령",
        "100g 가격": "4,000원",
        "포장단위별 용량, 수량": "30g",
        "법에 의한 인증 및 허가": "사료관리법에 따른 수입신고를 필함",
        "원료구성": "참치흰살,정제수,전분,카톨라유,타우린,이눌린,비타민E개다리열매,유도단백질",
        "성분구성": "조단백질 9.0%이상,조지방1.55%이상,칼슘0.00%이상,인0.06%이상,조섬유 0.06%이하,조회분 1.2%이하,수분90%이하",
        "색상": "주황색",
        "현재 재고 수량": "12개",
        "소비자 상담 전화": "마마캣 고객센터 (1544-6141)"
    },
    {
        "id": 290,
        "name": "동원 뉴트리플랜 모이스트루 참치와 닭고기 80g × 12개",
        "image": "https://mamacat.co.kr/web/product/big/20200504/215d5f29f1adb9d67f20ac14e39f853c.jpg",
        "가격정책": "마마캣 회원등급 할인 상품",
        "유통기한": "2022.08.27.",
        "정상 소비자가": "18,000원",
        "마마캣 판매가": "7,920원",
        "가장 높은 회원등급 할인 적용시 구매가": "7,530원 (최대 390원 할인)",
        "원산지": "한국",
        "제조자 | 수입자": "(주)동원F&B",
        "사용 연령": "1세 이상 성묘용",
        "포장단위별 용량, 수량": "80g × 12개",
        "법에 의한 인증 및 허가": "사료관리법에 따른 수입신고를 필함",
        "원료구성": "참치살, 닭고기, 참치알, 정제수, 참치자숙농축액, 크랜베리농축액, 이눌린, 비타민E, 향미제, 겔화제",
        "성분구성": "조단백질12.0%이상,조지방1.4%이상,칼슘0.01%이상,인0.1%이상,조섬유0.2%이하,조회분1.8%이하,수분84.0%이하",
        "현재 재고 수량": "8개",
        "소비자 상담 전화": "마마캣 고객센터 (1544-6141)"
    },
    {
        "id": 291,
        "name": "동원 뉴트리플랜 모이스트루 참치와 닭고기 80g",
        "image": "https://mamacat.co.kr/web/product/big/20200504/7df1e327aa0f69e9c54fafef96119183.jpg",
        "가격정책": "마마캣 회원등급 할인 상품",
        "유통기한": "2022.08.27.",
        "정상 소비자가": "1,500원",
        "마마캣 판매가": "790원",
        "가장 높은 회원등급 할인 적용시 구매가": "760원 (최대 30원 할인)",
        "원산지": "한국",
        "제조자 | 수입자": "(주)동원F&B",
        "사용 연령": "1세 이상 성묘용",
        "포장단위별 용량, 수량": "80g",
        "법에 의한 인증 및 허가": "사료관리법에 따른 수입신고를 필함",
        "원료구성": "참치살, 닭고기, 참치알, 정제수, 참치자숙농축액, 크랜베리농축액, 이눌린, 비타민E, 향미제, 겔화제",
        "성분구성": "조단백질12.0%이상,조지방1.4%이상,칼슘0.01%이상,인0.1%이상,조섬유0.2%이하,조회분1.8%이하,수분84.0%이하",
        "현재 재고 수량": "18개",
        "소비자 상담 전화": "마마캣 고객센터 (1544-6141)"
    },
    {
        "id": 292,
        "name": "동원 뉴트리플랜 모이스트루 참치와 멸치 80g × 12개",
        "image": "https://mamacat.co.kr/web/product/big/20200504/9b8aafe18ccfabd3c8aa84cc0cc0465d.jpg",
        "가격정책": "마마캣 회원등급 할인 상품",
        "유통기한": "2022.10.13.",
        "정상 소비자가": "18,000원",
        "마마캣 판매가": "7,920원",
        "가장 높은 회원등급 할인 적용시 구매가": "7,530원 (최대 390원 할인)",
        "원산지": "한국",
        "제조자 | 수입자": "(주)동원F&B",
        "사용 연령": "1세 이상 성묘용",
        "포장단위별 용량, 수량": "80g × 12개",
        "법에 의한 인증 및 허가": "사료관리법에 따른 수입신고를 필함",
        "원료구성": "참치살, 멸치, 참치알, 정제수, 참치자숙농축액, 크랜베리 농축액, 이눌린, 비타민E, 향미제, 겔화제",
        "성분구성": "조단백질12.0%이상,조지방1.4%이상,칼슘0.01%이상,인0.1%이상,조섬유0.2%이하,조회분1.8%이하,수분84.0%이하",
        "현재 재고 수량": "2개",
        "소비자 상담 전화": "마마캣 고객센터 (1544-6141)"
    },
    {
        "id": 293,
        "name": "동원 뉴트리플랜 모이스트루 참치와 멸치 80g",
        "image": "https://mamacat.co.kr/web/product/big/20200504/db36961a8309bfd0b6cae59368311fdc.jpg",
        "가격정책": "마마캣 회원등급 할인 상품",
        "유통기한": "2022.10.13.",
        "정상 소비자가": "1,500원",
        "마마캣 판매가": "790원",
        "가장 높은 회원등급 할인 적용시 구매가": "760원 (최대 30원 할인)",
        "원산지": "한국",
        "제조자 | 수입자": "(주)동원F&B",
        "사용 연령": "1세 이상 성묘용",
        "포장단위별 용량, 수량": "80g",
        "법에 의한 인증 및 허가": "사료관리법에 따른 수입신고를 필함",
        "원료구성": "참치살, 멸치, 참치알, 정제수, 참치자숙농축액, 크랜베리 농축액, 이눌린, 비타민E, 향미제, 겔화제",
        "성분구성": "조단백질12.0%이상,조지방1.4%이상,칼슘0.01%이상,인0.1%이상,조섬유0.2%이하,조회분1.8%이하,수분84.0%이하",
        "현재 재고 수량": "16개",
        "소비자 상담 전화": "마마캣 고객센터 (1544-6141)"
    },
    {
        "id": 294,
        "name": "동원 뉴트리플랜 모이스트루 참치와 연어 80g × 12개",
        "image": "https://mamacat.co.kr/web/product/big/20200504/9cf39ebcf9e964f803045c66a27459bc.jpg",
        "가격정책": "마마캣 회원등급 할인 상품",
        "유통기한": "2023.03.18.",
        "정상 소비자가": "18,000원",
        "마마캣 판매가": "7,920원",
        "가장 높은 회원등급 할인 적용시 구매가": "7,530원 (최대 390원 할인)",
        "원산지": "한국",
        "제조자 | 수입자": "(주)동원F&B",
        "사용 연령": "1세 이상 성묘용",
        "포장단위별 용량, 수량": "80g × 12개",
        "법에 의한 인증 및 허가": "사료관리법에 따른 수입신고를 필함",
        "원료구성": "참치살, 연어, 참치알, 정제수, 참치자숙농축액, 크랜베리농축액, 이눌린, 비타민E, 향미제, 겔화제",
        "성분구성": "조단백질12.0%이상,조지방1.4%이상,칼슘0.01%이상,인0.1%이상,조섬유0.2%이하,조회분1.8%이하,수분84.0%이하",
        "현재 재고 수량": "4개",
        "소비자 상담 전화": "마마캣 고객센터 (1544-6141)"
    },
    {
        "id": 295,
        "name": "동원 뉴트리플랜 모이스트루 참치와 연어 80g",
        "image": "https://mamacat.co.kr/web/product/big/20200504/178ec5e013be0f9a99cc097c51251cda.jpg",
        "가격정책": "마마캣 회원등급 할인 상품",
        "유통기한": "2023.03.18.",
        "정상 소비자가": "1,500원",
        "마마캣 판매가": "790원",
        "가장 높은 회원등급 할인 적용시 구매가": "760원 (최대 30원 할인)",
        "원산지": "한국",
        "제조자 | 수입자": "(주)동원F&B",
        "사용 연령": "1세 이상 성묘용",
        "포장단위별 용량, 수량": "80g",
        "법에 의한 인증 및 허가": "사료관리법에 따른 수입신고를 필함",
        "원료구성": "참치살, 연어, 참치알, 정제수, 참치자숙농축액, 크랜베리농축액, 이눌린, 비타민E, 향미제, 겔화제",
        "성분구성": "조단백질12.0%이상,조지방1.4%이상,칼슘0.01%이상,인0.1%이상,조섬유0.2%이하,조회분1.8%이하,수분84.0%이하",
        "현재 재고 수량": "9개",
        "소비자 상담 전화": "마마캣 고객센터 (1544-6141)"
    },
    {
        "id": 296,
        "name": "동원 뉴트리플랜 모이스트루 퓨레 2종 맛보기 30g × 2개",
        "image": "https://mamacat.co.kr/web/product/big/20200409/d163daef8a1d3392a4a00ac156f5df97.jpg",
        "가격정책": "마마캣 회원등급 할인 상품",
        "유통기한": "각 상품 상세페이지 참고",
        "정상 소비자가": "3,000원",
        "마마캣 판매가": "1,720원",
        "가장 높은 회원등급 할인 적용시 구매가": "1,640원 (최대 80원 할인)",
        "원산지": "한국",
        "제조자 | 수입자": "(주)동원F&B",
        "사용 연령": "전연령",
        "포장단위별 용량, 수량": "30g X 2개",
        "법에 의한 인증 및 허가": "사료관리법에 따른 수입신고를 필함",
        "원료구성": "각 상품 상세페이지 참고",
        "성분구성": "각 상품 상세페이지 참고",
        "색상": "분홍색, 주황색",
        "현재 재고 수량": "23개",
        "소비자 상담 전화": "마마캣 고객센터 (1544-6141)"
    },
    {
        "id": 297,
        "name": "동원 뉴트리플랜 습식캔 6종 맛보기 160g × 6개",
        "image": "https://mamacat.co.kr/web/product/big/20200504/288a94e18f17e56c7dd52104ad315e79.jpg",
        "가격정책": "마마캣 회원등급 할인 상품",
        "유통기한": "각 상품 상세페이지 참고",
        "정상 소비자가": "9,000원",
        "마마캣 판매가": "5,800원",
        "가장 높은 회원등급 할인 적용시 구매가": "5,510원 (최대 290원 할인)",
        "원산지": "한국",
        "제조자 | 수입자": "(주)동원F&B",
        "사용 연령": "1세 이상 성묘용",
        "포장단위별 용량, 수량": "160g X 6종",
        "법에 의한 인증 및 허가": "사료관리법에 따른 수입신고를 필함",
        "원료구성": "각 상품 상세페이지 참고",
        "성분구성": "각 상품 상세페이지 참고",
        "현재 재고 수량": "10개",
        "소비자 상담 전화": "마마캣 고객센터 (1544-6141)"
    },
    {
        "id": 298,
        "name": "동원 뉴트리플랜 습식캔 흰살참치와 게맛살 160g × 12개",
        "image": "https://mamacat.co.kr/web/product/big/20200504/df536d595156a0df595581760644b3b6.jpg",
        "가격정책": "마마캣 회원등급 할인 상품",
        "유통기한": "2024.06.02.",
        "정상 소비자가": "18,000원",
        "마마캣 판매가": "8,340원",
        "가장 높은 회원등급 할인 적용시 구매가": "7,930원 (최대 410원 할인)",
        "원산지": "한국",
        "제조자 | 수입자": "(주)동원F&B",
        "사용 연령": "1세 이상 성묘용",
        "100g 가격": "494원",
        "포장단위별 용량, 수량": "160g × 12개",
        "법에 의한 인증 및 허가": "사료관리법에 따른 수입신고를 필함",
        "원료구성": "가다랑어,정제수,게맛살,이눌린,비타민 E,녹차농축액",
        "성분구성": "조단백 15.5% 이상, 조지방 1.0% 이상, 조섬유 0.5% 이하, 조회분 3.0% 이하, 칼슘 0.01% 이상, 인 0.1% 이상,수분 82.0% 이하",
        "색상": "주황색",
        "현재 재고 수량": "32개",
        "소비자 상담 전화": "마마캣 고객센터 (1544-6141)"
    },
    {
        "id": 299,
        "name": "동원 뉴트리플랜 습식캔 흰살참치와 게맛살 160g",
        "image": "https://mamacat.co.kr/web/product/big/20200504/1b16c412762428efde2310c651b71d4a.jpg",
        "가격정책": "마마캣 회원등급 할인 상품",
        "유통기한": "2024.06.02.",
        "정상 소비자가": "1,500원",
        "마마캣 판매가": "1,000원",
        "가장 높은 회원등급 할인 적용시 구매가": "950원 (최대 50원 할인)",
        "원산지": "한국",
        "제조자 | 수입자": "(주)동원F&B",
        "사용 연령": "1세 이상 성묘용",
        "100g 가격": "625원",
        "포장단위별 용량, 수량": "160g",
        "법에 의한 인증 및 허가": "사료관리법에 따른 수입신고를 필함",
        "원료구성": "가다랑어,정제수,게맛살,이눌린,비타민 E,녹차농축액",
        "성분구성": "조단백 15.5% 이상, 조지방 1.0% 이상, 조섬유 0.5% 이하, 조회분 3.0% 이하, 칼슘 0.01% 이상, 인 0.1% 이상,수분 82.0% 이하",
        "색상": "주황색",
        "현재 재고 수량": "12개",
        "소비자 상담 전화": "마마캣 고객센터 (1544-6141)"
    },
    {
        "id": 300,
        "name": "동원 뉴트리플랜 습식캔 흰살참치와 닭가슴살 160g × 12개",
        "image": "https://mamacat.co.kr/web/product/big/20200504/6aa6a1b31bcac3ea54696f905029c39a.jpg",
        "가격정책": "마마캣 회원등급 할인 상품",
        "유통기한": "2024.06.04.",
        "정상 소비자가": "18,000원",
        "마마캣 판매가": "8,340원",
        "가장 높은 회원등급 할인 적용시 구매가": "7,930원 (최대 410원 할인)",
        "원산지": "한국",
        "제조자 | 수입자": "(주)동원F&B",
        "사용 연령": "1세 이상 성묘용",
        "100g 가격": "494원",
        "포장단위별 용량, 수량": "160g × 12개",
        "법에 의한 인증 및 허가": "사료관리법에 따른 수입신고를 필함",
        "원료구성": "가다랑어, 정제수, 황다랑어, 닭가슴살, 이눌린, 녹차농축액, 비타민E",
        "성분구성": "조단백 15.5% 이상, 조지방 1.0% 이상, 조섬유 0.5% 이하, 조회분 3.0% 이하, 칼슘 0.01% 이상, 인 0.1% 이상,수분 82.0% 이하",
        "색상": "빨강색",
        "현재 재고 수량": "27개",
        "소비자 상담 전화": "마마캣 고객센터 (1544-6141)"
    },
    {
        "id": 301,
        "name": "동원 뉴트리플랜 습식캔 흰살참치와 닭가슴살 160g",
        "image": "https://mamacat.co.kr/web/product/big/20200504/0743d1474a4e9316bd6a2f48543d5e3a.jpg",
        "가격정책": "마마캣 회원등급 할인 상품",
        "유통기한": "2024.06.04.",
        "정상 소비자가": "1,500원",
        "마마캣 판매가": "1,000원",
        "가장 높은 회원등급 할인 적용시 구매가": "950원 (최대 50원 할인)",
        "원산지": "한국",
        "제조자 | 수입자": "(주)동원F&B",
        "사용 연령": "1세 이상 성묘용",
        "100g 가격": "625원",
        "포장단위별 용량, 수량": "160g",
        "법에 의한 인증 및 허가": "사료관리법에 따른 수입신고를 필함",
        "원료구성": "가다랑어, 정제수, 황다랑어, 닭가슴살, 이눌린, 녹차농축액, 비타민E",
        "성분구성": "조단백 15.5% 이상, 조지방 1.0% 이상, 조섬유 0.5% 이하, 조회분 3.0% 이하, 칼슘 0.01% 이상, 인 0.1% 이상,수분 82.0% 이하",
        "색상": "빨강색",
        "현재 재고 수량": "12개",
        "소비자 상담 전화": "마마캣 고객센터 (1544-6141)"
    },
    {
        "id": 302,
        "name": "동원 뉴트리플랜 습식캔 흰살참치와 멸치 160g × 12개",
        "image": "https://mamacat.co.kr/web/product/big/20200504/19abd1d1e3b2ec8999d19c1a6bb1791c.jpg",
        "가격정책": "마마캣 회원등급 할인 상품",
        "유통기한": "2024.05.30.",
        "정상 소비자가": "18,000원",
        "마마캣 판매가": "8,340원",
        "가장 높은 회원등급 할인 적용시 구매가": "7,930원 (최대 410원 할인)",
        "원산지": "한국",
        "제조자 | 수입자": "(주)동원F&B",
        "사용 연령": "1세 이상 성묘용",
        "100g 가격": "494원",
        "포장단위별 용량, 수량": "160g × 12개",
        "법에 의한 인증 및 허가": "사료관리법에 따른 수입신고를 필함",
        "원료구성": "가다랑어, 정제수, 황다랑어, 멸치, 이눌린, 녹차농축액, 비타민E",
        "성분구성": "조단백 15.5% 이상, 조지방 1.0% 이상, 조섬유 0.5% 이하, 조회분 3.0% 이하, 칼슘 0.01% 이상, 인 0.1% 이상,수분 82.0% 이하",
        "색상": "초록색",
        "현재 재고 수량": "44개",
        "소비자 상담 전화": "마마캣 고객센터 (1544-6141)"
    },
    {
        "id": 303,
        "name": "동원 뉴트리플랜 습식캔 흰살참치와 멸치 160g",
        "image": "https://mamacat.co.kr/web/product/big/20200504/7c99fbb34e7208c4839a70aebb557b9a.jpg",
        "가격정책": "마마캣 회원등급 할인 상품",
        "유통기한": "2024.05.30.",
        "정상 소비자가": "1,500원",
        "마마캣 판매가": "1,000원",
        "가장 높은 회원등급 할인 적용시 구매가": "950원 (최대 50원 할인)",
        "원산지": "한국",
        "제조자 | 수입자": "(주)동원F&B",
        "사용 연령": "1세 이상 성묘용",
        "100g 가격": "625원",
        "포장단위별 용량, 수량": "160g",
        "법에 의한 인증 및 허가": "사료관리법에 따른 수입신고를 필함",
        "원료구성": "가다랑어, 정제수, 황다랑어, 멸치, 이눌린, 녹차농축액, 비타민E",
        "성분구성": "조단백 15.5% 이상, 조지방 1.0% 이상, 조섬유 0.5% 이하, 조회분 3.0% 이하, 칼슘 0.01% 이상, 인 0.1% 이상,수분 82.0% 이하",
        "색상": "초록색",
        "현재 재고 수량": "20개",
        "소비자 상담 전화": "마마캣 고객센터 (1544-6141)"
    },
    {
        "id": 304,
        "name": "동원 뉴트리플랜 습식캔 흰살참치와 연어 160g × 12개",
        "image": "https://mamacat.co.kr/web/product/big/20200504/a44aa1f1a7b787bd7d22d82245ef9a2a.jpg",
        "가격정책": "마마캣 회원등급 할인 상품",
        "유통기한": "2024.05.27.",
        "정상 소비자가": "18,000원",
        "마마캣 판매가": "8,340원",
        "가장 높은 회원등급 할인 적용시 구매가": "7,930원 (최대 410원 할인)",
        "원산지": "한국",
        "제조자 | 수입자": "(주)동원F&B",
        "사용 연령": "1세 이상 성묘용",
        "100g 가격": "494원",
        "포장단위별 용량, 수량": "160g × 12개",
        "법에 의한 인증 및 허가": "사료관리법에 따른 수입신고를 필함",
        "원료구성": "가다랑어, 정제수, 연어, 이눌린, 녹차농축액, 비타민E",
        "성분구성": "조단백 15.5% 이상, 조지방 1.0% 이상, 조섬유 0.5% 이하, 조회분 3.0% 이하, 칼슘 0.01% 이상, 인 0.1% 이상,수분 82.0% 이하",
        "색상": "분홍색",
        "현재 재고 수량": "24개",
        "소비자 상담 전화": "마마캣 고객센터 (1544-6141)"
    },
    {
        "id": 305,
        "name": "동원 뉴트리플랜 습식캔 흰살참치와 연어 160g",
        "image": "https://mamacat.co.kr/web/product/big/20200504/660cdce815ba119539cffb77c366a405.jpg",
        "가격정책": "마마캣 회원등급 할인 상품",
        "유통기한": "2024.05.27.",
        "정상 소비자가": "1,500원",
        "마마캣 판매가": "1,000원",
        "가장 높은 회원등급 할인 적용시 구매가": "950원 (최대 50원 할인)",
        "원산지": "한국",
        "제조자 | 수입자": "(주)동원F&B",
        "사용 연령": "1세 이상 성묘용",
        "100g 가격": "625원",
        "포장단위별 용량, 수량": "160g",
        "법에 의한 인증 및 허가": "사료관리법에 따른 수입신고를 필함",
        "원료구성": "가다랑어, 정제수, 연어, 이눌린, 녹차농축액, 비타민E",
        "성분구성": "조단백 15.5% 이상, 조지방 1.0% 이상, 조섬유 0.5% 이하, 조회분 3.0% 이하, 칼슘 0.01% 이상, 인 0.1% 이상,수분 82.0% 이하",
        "색상": "분홍색",
        "현재 재고 수량": "14개",
        "소비자 상담 전화": "마마캣 고객센터 (1544-6141)"
    },
    {
        "id": 306,
        "name": "동원 뉴트리플랜 습식캔 흰살참치와 치즈 160g × 12개",
        "image": "https://mamacat.co.kr/web/product/big/20200504/9398204f519a822c18eeeaf53d7151f8.jpg",
        "가격정책": "마마캣 회원등급 할인 상품",
        "유통기한": "2024.06.03.",
        "정상 소비자가": "18,000원",
        "마마캣 판매가": "8,340원",
        "가장 높은 회원등급 할인 적용시 구매가": "7,930원 (최대 410원 할인)",
        "원산지": "한국",
        "제조자 | 수입자": "(주)동원F&B",
        "사용 연령": "1세 이상 성묘용",
        "100g 가격": "494원",
        "포장단위별 용량, 수량": "160g × 12개",
        "법에 의한 인증 및 허가": "사료관리법에 따른 수입신고를 필함",
        "원료구성": "가다랑어, 정제수, 황다랑어, 치즈, 이눌린, 비타민E, 녹차농축액",
        "성분구성": "조단백 15.5% 이상, 조지방 1.0% 이상, 조섬유 0.5% 이하, 조회분 3.0% 이하, 칼슘 0.01% 이상, 인 0.1% 이상,수분 82.0% 이하",
        "색상": "노란색",
        "현재 재고 수량": "33개",
        "소비자 상담 전화": "마마캣 고객센터 (1544-6141)"
    },
    {
        "id": 307,
        "name": "동원 뉴트리플랜 습식캔 흰살참치와 치즈 160g",
        "image": "https://mamacat.co.kr/web/product/big/20200504/49d1b8f01f73f5426f42d766985a2031.jpg",
        "가격정책": "마마캣 회원등급 할인 상품",
        "유통기한": "2024.06.03.",
        "정상 소비자가": "1,500원",
        "마마캣 판매가": "1,000원",
        "가장 높은 회원등급 할인 적용시 구매가": "950원 (최대 50원 할인)",
        "원산지": "한국",
        "제조자 | 수입자": "(주)동원F&B",
        "사용 연령": "1세 이상 성묘용",
        "100g 가격": "625원",
        "포장단위별 용량, 수량": "160g",
        "법에 의한 인증 및 허가": "사료관리법에 따른 수입신고를 필함",
        "원료구성": "가다랑어, 정제수, 황다랑어, 치즈, 이눌린, 비타민E, 녹차농축액",
        "성분구성": "조단백 15.5% 이상, 조지방 1.0% 이상, 조섬유 0.5% 이하, 조회분 3.0% 이하, 칼슘 0.01% 이상, 인 0.1% 이상,수분 82.0% 이하",
        "색상": "노란색",
        "현재 재고 수량": "21개",
        "소비자 상담 전화": "마마캣 고객센터 (1544-6141)"
    },
    {
        "id": 308,
        "name": "동원 뉴트리플랜 습식캔 흰살참치와 통새우 160g × 12개",
        "image": "https://mamacat.co.kr/web/product/big/20200504/7fdeceea09501eea9cf72d0b70c40578.jpg",
        "가격정책": "마마캣 회원등급 할인 상품",
        "유통기한": "2024.04.29.",
        "정상 소비자가": "18,000원",
        "마마캣 판매가": "8,340원",
        "가장 높은 회원등급 할인 적용시 구매가": "7,930원 (최대 410원 할인)",
        "원산지": "한국",
        "제조자 | 수입자": "(주)동원F&B",
        "사용 연령": "1세 이상 성묘용",
        "100g 가격": "494원",
        "포장단위별 용량, 수량": "160g × 12개",
        "법에 의한 인증 및 허가": "사료관리법에 따른 수입신고를 필함",
        "원료구성": "가다랑어, 정제수, 통새우, 이눌린, 비타민E, 녹차농축액",
        "성분구성": "조단백 15.5% 이상, 조지방 1.0% 이상, 조섬유 0.5% 이하, 조회분 3.0% 이하, 칼슘 0.01% 이상, 인 0.1% 이상,수분 82.0% 이하",
        "색상": "파란색",
        "현재 재고 수량": "34개",
        "소비자 상담 전화": "마마캣 고객센터 (1544-6141)"
    },
    {
        "id": 309,
        "name": "동원 뉴트리플랜 습식캔 흰살참치와 통새우 160g",
        "image": "https://mamacat.co.kr/web/product/big/20200504/dee6e9e0ebde9445960cd5bcbd5e7b29.jpg",
        "가격정책": "마마캣 회원등급 할인 상품",
        "유통기한": "2024.04.29.",
        "정상 소비자가": "1,500원",
        "마마캣 판매가": "1,000원",
        "가장 높은 회원등급 할인 적용시 구매가": "950원 (최대 50원 할인)",
        "원산지": "한국",
        "제조자 | 수입자": "(주)동원F&B",
        "사용 연령": "1세 이상 성묘용",
        "100g 가격": "625원",
        "포장단위별 용량, 수량": "160g",
        "법에 의한 인증 및 허가": "사료관리법에 따른 수입신고를 필함",
        "원료구성": "가다랑어, 정제수, 통새우, 이눌린, 비타민E, 녹차농축액",
        "성분구성": "조단백 15.5% 이상, 조지방 1.0% 이상, 조섬유 0.5% 이하, 조회분 3.0% 이하, 칼슘 0.01% 이상, 인 0.1% 이상,수분 82.0% 이하",
        "색상": "파란색",
        "현재 재고 수량": "16개",
        "소비자 상담 전화": "마마캣 고객센터 (1544-6141)"
    },
    {
        "id": 310,
        "name": "동원 뉴트리플랜 캣 어덜트 플러스 1.5kg",
        "image": "https://mamacat.co.kr/web/product/big/20191118/819c0511289c09de444facf257c58658.jpg",
        "상품 간략설명": "성묘용 | 프리미엄 (587원/100g당)",
        "가격정책": "최저마진",
        "유통기한": "2022.10.19.",
        "사료등급": "프리미엄",
        "정상 소비자가": "15,000원",
        "마마캣 판매가": "8,800원",
        "원산지": "대한민국",
        "제조자 | 수입자": "(주)동원F&B",
        "사용 연령": "성묘용 (12개월 이상)",
        "100g 가격": "587원",
        "포장단위별 용량, 수량": "1.5kg",
        "법에 의한 인증 및 허가": "사료관리법에 따른 수입신고를 필함",
        "원료구성": "육분(소,돼지), 곡류(현미), 동물성혼합유지, 비트펄프, 계육분, 어분(참치), 가수분해향미제(액상), 가수분해향미제(분말), 제올라이트, 정제소금, 석회석분말, DL-메티오닌, 염화칼륨, 염화콜린, 미량광물질류합제, 프락토올리고당, 과실 및 과채 추출물 등",
        "성분구성": "조단백질 33.0%이상, 조지방 14.0%이상, 칼슘 1.0%이상, 인 0.7%이상, 조섬유 3.0%이하, 조회분 11.0%이하, 수분 12.0%이하",
        "현재 재고 수량": "32개",
        "소비자 상담 전화": "마마캣 고객센터 (1544-6141)",
        "제품 포장 유형": "통포장 (지퍼 없음)"
    },
    {
        "id": 311,
        "name": "동원 뉴트리플랜 캣 전연령 플러스 5kg",
        "image": "https://mamacat.co.kr/web/product/big/20191118/4cf509467d3a153580d5b446e8a51a76.jpg",
        "상품 간략설명": "전연령 | 프리미엄 (358원/100g당)",
        "가격정책": "최저마진",
        "유통기한": "2022.10.14.",
        "사료등급": "프리미엄",
        "정상 소비자가": "40,000원",
        "마마캣 판매가": "17,900원",
        "원산지": "대한민국",
        "제조자 | 수입자": "(주)동원F&B",
        "사용 연령": "전연령 (3개월 이상)",
        "100g 가격": "358원",
        "포장단위별 용량, 수량": "5kg",
        "법에 의한 인증 및 허가": "사료관리법에 따른 수입신고를 필함",
        "원료구성": "계육분, 박류(대두박), 곡류(현미), 강피류(생미강), 동물성혼합유지, 어분(참치), 비트펄프, 정제소금, 가수분해향미제(액상), 가수분해향미제(분말), 제올라이트, 황산칼슘, 미량광물질류합제, 제2인산칼슘, 비타민제합제, 염화콜린, L-트레오닌, 자몽종자추출물",
        "성분구성": "조단백질 31.0%이상, 조지방 13.0%이상, 칼슘 0.75%이상, 인 0.6%이상, 조섬유 3.0%이하, 조회분 10.0%이하, 수분 12.0% 이하",
        "현재 재고 수량": "9개",
        "소비자 상담 전화": "마마캣 고객센터 (1544-6141)",
        "제품 포장 유형": "통포장 (지퍼 없음)"
    },
    {
        "id": 312,
        "name": "동원 뉴트리플랜 캣 주식파우치 모이스트루 주식파우치 시니어 80g × 12개",
        "image": "https://mamacat.co.kr/web/product/big/20191203/596fd2027862a546fec686bc3ad3400d.jpg",
        "가격정책": "마마캣 회원등급 할인 상품",
        "유통기한": "2022.12.15.",
        "정상 소비자가": "24,000원",
        "마마캣 판매가": "12,980원",
        "가장 높은 회원등급 할인 적용시 구매가": "12,340원 (최대 640원 할인)",
        "원산지": "한국",
        "제조자 | 수입자": "(주)동원F&B",
        "사용 연령": "7세 이상 노령묘",
        "100g 가격": "2,200원",
        "포장단위별 용량, 수량": "80g × 12개",
        "법에 의한 인증 및 허가": "사료관리법에 따른 수입신고를 필함",
        "원료구성": "정제수,닭고기,밀글루텐,참치,카놀라유,이눌린,동원비타민미네랄믹스,향미제,겔화제",
        "성분구성": "조단백질7.0%이상,조지방3.5%이상,칼슘0.15%이상,인0.09%이상,조섬유0.27%이하,조회분1.2%이하,수분90%이하",
        "현재 재고 수량": "5개",
        "소비자 상담 전화": "마마캣 고객센터 (1544-6141)"
    },
    {
        "id": 313,
        "name": "동원 뉴트리플랜 캣 주식파우치 모이스트루 주식파우치 시니어 80g",
        "image": "https://mamacat.co.kr/web/product/big/20191203/7a1e6d024bdd9af53cda627a32adea60.jpg",
        "가격정책": "마마캣 회원등급 할인 상품",
        "유통기한": "2022.12.15.",
        "정상 소비자가": "2,000원",
        "마마캣 판매가": "1,190원",
        "가장 높은 회원등급 할인 적용시 구매가": "1,140원 (최대 50원 할인)",
        "원산지": "한국",
        "제조자 | 수입자": "(주)동원F&B",
        "사용 연령": "7세 이상 노령묘",
        "100g 가격": "2,350원",
        "포장단위별 용량, 수량": "80g",
        "법에 의한 인증 및 허가": "사료관리법에 따른 수입신고를 필함",
        "원료구성": "정제수,닭고기,밀글루텐,참치,카놀라유,이눌린,동원비타민미네랄믹스,향미제,겔화제",
        "성분구성": "조단백질7.0%이상,조지방3.5%이상,칼슘0.15%이상,인0.09%이상,조섬유0.27%이하,조회분1.2%이하,수분90%이하",
        "현재 재고 수량": "16개",
        "소비자 상담 전화": "마마캣 고객센터 (1544-6141)"
    },
    {
        "id": 314,
        "name": "동원 뉴트리플랜 캣 주식파우치 모이스트루 주식파우치 어덜트 80g × 12개",
        "image": "https://mamacat.co.kr/web/product/big/20191203/e5c3352e3078df871d0fc5a54d7320c7.jpg",
        "가격정책": "마마캣 회원등급 할인 상품",
        "유통기한": "2022.12.29.",
        "정상 소비자가": "24,000원",
        "마마캣 판매가": "12,980원",
        "가장 높은 회원등급 할인 적용시 구매가": "12,340원 (최대 640원 할인)",
        "원산지": "한국",
        "제조자 | 수입자": "(주)동원F&B",
        "사용 연령": "1세 이상 성묘용",
        "100g 가격": "2,200원",
        "포장단위별 용량, 수량": "80g × 12개",
        "법에 의한 인증 및 허가": "사료관리법에 따른 수입신고를 필함",
        "원료구성": "정제수, 참치, 닭고기, 밀 글루텐, 카놀라유, L-테아닌, 이눌린, 동원비타민미네랄믹스, 향미제, 겔화제",
        "성분구성": "조단백질 7.5%이상, 조지방 4.0%이상, 조섬유 1.0%이하, 조회분 1.6%이하, 칼슘 0.14%이상, 인 0.11%이상, 수분 90.0%이하",
        "현재 재고 수량": "17개",
        "소비자 상담 전화": "마마캣 고객센터 (1544-6141)"
    },
    {
        "id": 315,
        "name": "동원 뉴트리플랜 캣 주식파우치 모이스트루 주식파우치 어덜트 80g",
        "image": "https://mamacat.co.kr/web/product/big/20191203/a123a0660f7ed40c602c9bcccd998df3.jpg",
        "가격정책": "마마캣 회원등급 할인 상품",
        "유통기한": "2022.12.29.",
        "정상 소비자가": "2,000원",
        "마마캣 판매가": "1,190원",
        "가장 높은 회원등급 할인 적용시 구매가": "1,140원 (최대 50원 할인)",
        "원산지": "한국",
        "제조자 | 수입자": "(주)동원F&B",
        "사용 연령": "1세 이상 성묘용",
        "100g 가격": "2,350원",
        "포장단위별 용량, 수량": "80g",
        "법에 의한 인증 및 허가": "사료관리법에 따른 수입신고를 필함",
        "원료구성": "정제수, 참치, 닭고기, 밀 글루텐, 카놀라유, L-테아닌, 이눌린, 동원비타민미네랄믹스, 향미제, 겔화제",
        "성분구성": "조단백질 7.5%이상, 조지방 4.0%이상, 조섬유 1.0%이하, 조회분 1.6%이하, 칼슘 0.14%이상, 인 0.11%이상, 수분 90.0%이하",
        "현재 재고 수량": "16개",
        "소비자 상담 전화": "마마캣 고객센터 (1544-6141)"
    },
    {
        "id": 316,
        "name": "동원 뉴트리플랜 캣 주식파우치 모이스트루 주식파우치 키튼 80g × 12개",
        "image": "https://mamacat.co.kr/web/product/big/20191203/3dfc47114bbf3869e121f8cda4b0e34d.jpg",
        "가격정책": "마마캣 회원등급 할인 상품",
        "유통기한": "2023.05.10.",
        "정상 소비자가": "24,000원",
        "마마캣 판매가": "12,980원",
        "가장 높은 회원등급 할인 적용시 구매가": "12,340원 (최대 640원 할인)",
        "원산지": "한국",
        "제조자 | 수입자": "(주)동원F&B",
        "사용 연령": "2~12개월 어린고양이",
        "100g 가격": "2,200원",
        "포장단위별 용량, 수량": "80g × 12개",
        "법에 의한 인증 및 허가": "사료관리법에 따른 수입신고를 필함",
        "원료구성": "정제수,닭고기,밀글루텐,참치,카놀라유,홍삼농축액,이눌린,동원비타민미네랄믹스,향미제,겔화제",
        "성분구성": "조단백질7.0%이상,조지방3.5%이상,칼슘0.15%이상,인0.09%이상,조섬유0.27%이하,조회분1.2%이하,수분90%이하",
        "현재 재고 수량": "15개",
        "소비자 상담 전화": "마마캣 고객센터 (1544-6141)"
    },
    {
        "id": 317,
        "name": "동원 뉴트리플랜 캣 주식파우치 모이스트루 주식파우치 키튼 80g",
        "image": "https://mamacat.co.kr/web/product/big/20191203/faa2c91518e74df3bc8353ed3df391f2.jpg",
        "가격정책": "마마캣 회원등급 할인 상품",
        "유통기한": "2023.05.10.",
        "정상 소비자가": "2,000원",
        "마마캣 판매가": "1,190원",
        "가장 높은 회원등급 할인 적용시 구매가": "1,140원 (최대 50원 할인)",
        "원산지": "한국",
        "제조자 | 수입자": "(주)동원F&B",
        "사용 연령": "2~12개월 어린고양이",
        "100g 가격": "2,350원",
        "포장단위별 용량, 수량": "80g",
        "법에 의한 인증 및 허가": "사료관리법에 따른 수입신고를 필함",
        "원료구성": "정제수,닭고기,밀글루텐,참치,카놀라유,홍삼농축액,이눌린,동원비타민미네랄믹스,향미제,겔화제",
        "성분구성": "조단백질7.0%이상,조지방3.5%이상,칼슘0.15%이상,인0.09%이상,조섬유0.27%이하,조회분1.2%이하,수분90%이하",
        "현재 재고 수량": "20개",
        "소비자 상담 전화": "마마캣 고객센터 (1544-6141)"
    },
    {
        "id": 318,
        "name": "동원 뉴트리플랜 캣 키튼 플러스 1.5kg",
        "image": "https://mamacat.co.kr/web/product/big/20191118/e7afc21b3a903c62da28122891b72687.jpg",
        "상품 간략설명": "자묘용 | 프리미엄 (587원/100g당)",
        "가격정책": "최저마진",
        "유통기한": "2022.10.15.",
        "사료등급": "프리미엄",
        "정상 소비자가": "15,000원",
        "마마캣 판매가": "8,800원",
        "원산지": "대한민국",
        "제조자 | 수입자": "(주)동원F&B",
        "사용 연령": "자묘용 (12개월 이하)",
        "100g 가격": "587원",
        "포장단위별 용량, 수량": "1.5kg",
        "법에 의한 인증 및 허가": "사료관리법에 따른 수입신고를 필함",
        "원료구성": "육분(소,돼지), 곡류(현미), 계육분, 동물성혼합유지, 비트펄프, 어분(참치), 가수분해향미제(액상), 아마인, 가수분해향미제(분말), 제올라이트, 정제소금, L-트레오닌, DL-메티오닌, 염화칼륨, 염화콜린, L-트립토판, 미량광물질류합제, 맥주건조효모 등",
        "성분구성": "조단백질 35.0%이상, 조지방 16.0%이상, 칼슘 0.8%이상, 인 0.7%이상, 조섬유 3.0%이하, 조회분 10.0%이하, 수분 12.0%이하",
        "현재 재고 수량": "32개",
        "소비자 상담 전화": "마마캣 고객센터 (1544-6141)",
        "제품 포장 유형": "통포장 (지퍼 없음)"
    },
    {
        "id": 319,
        "name": "동원 뉴트리플랜 펫밀크 50ml",
        "image": "https://mamacat.co.kr/web/product/big/20200504/81e0efe42862203347583e746c66aafb.jpg",
        "가격정책": "마마캣 회원등급 할인 상품",
        "유통기한": "2022.01.04.",
        "정상 소비자가": "1,000원",
        "마마캣 판매가": "590원",
        "가장 높은 회원등급 할인 적용시 구매가": "570원 (최대 20원 할인)",
        "원산지": "한국",
        "제조자 | 수입자": "(주)동원F&B",
        "사용 연령": "전연령",
        "포장단위별 용량, 수량": "50ml",
        "법에 의한 인증 및 허가": "사료관리법에 따른 수입신고를 필함",
        "원료구성": "유당분해우유(1급 원유),유당분해효소,참치살,참치자숙농축액,타우린,이눌린,비타민E",
        "성분구성": "조단백질 2.8% 이상, 조지방 3.1% 이상, 조회분 1.2% 이하, 조섬유 0.5% 이하, 칼슘 0.05% 이상, 수분 92% 이하, 인 0.5% 이상",
        "색상": "하늘색",
        "현재 재고 수량": "78개",
        "소비자 상담 전화": "마마캣 고객센터 (1544-6141)"
    },
    {
        "id": 320,
        "name": "레오나르도 캣 그레인프리 어덜트 맥시 1.8kg",
        "image": "https://mamacat.co.kr/web/product/big/20200319/7747e614cc71d74658cf2775c731b8ec.jpg",
        "상품 간략설명": "성묘용 | 슈퍼프리미엄 (2,105원/100g당)",
        "가격정책": "마마캣 회원등급 할인 상품",
        "유통기한": "2021.10.",
        "사료등급": "슈퍼프리미엄",
        "정상 소비자가": "39,000원",
        "마마캣 판매가": "37,900원",
        "가장 높은 회원등급 할인 적용시 구매가": "36,010원 (최대 1,890원 할인)",
        "원산지": "독일",
        "제조자 | 수입자": "BEWITAL petfood GmbH & Co.KG | 갤럭시펫",
        "사용 연령": "성묘용 (1세 이상)",
        "100g 가격": "2,105원",
        "포장단위별 용량, 수량": "1.8kg",
        "법에 의한 인증 및 허가": "사료관리법에 따른 수입신고를 필함",
        "원료구성": "신선한 가금육, 저회분 건조 가금육단백질, 천일홍, 완두 콩가루, 감자전분, 가수분해 가금류 간, 닭기름, 건조 달걀, 말린 해양 동물성 플라크톤, 어분, 건조 맥주효모, 포도씨유, 사루비아씨, 말린 캐럽 콩깍지, 구아검, 염화나트륨, 염화칼륨, 제2인산칼슘 등",
        "성분구성": "조단백 32% 이상, 조지방 18% 이상, 조회분 8.2% 이하, 조섬유 2.8% 이하, 칼슘 1% 이상, 인 0.8% 이상, 수분 10% 이하",
        "현재 재고 수량": "5개",
        "소비자 상담 전화": "마마캣 고객센터 (1544-6141)",
        "제품 포장 유형": "통포장",
        "제품 보관방법": "직사광선이 없는 곳에 실온보관"
    },
    {
        "id": 321,
        "name": "레오나르도 캣 그레인프리 어덜트 연어 1.8kg",
        "image": "https://mamacat.co.kr/web/product/big/20200306/f0c55b998d34cd44ab1d615c1182f3be.jpg",
        "상품 간략설명": "성묘용 | 슈퍼프리미엄 (2,327원/100g당)",
        "가격정책": "마마캣 회원등급 할인 상품",
        "유통기한": "2022.06.",
        "사료등급": "슈퍼프리미엄",
        "정상 소비자가": "44,000원",
        "마마캣 판매가": "41,900원",
        "가장 높은 회원등급 할인 적용시 구매가": "39,810원 (최대 2,090원 할인)",
        "원산지": "독일",
        "제조자 | 수입자": "BEWITAL petfood GmbH & Co.KG | 갤럭시펫",
        "사용 연령": "성묘용 (1세 이상)",
        "100g 가격": "2,327원",
        "포장단위별 용량, 수량": "1.8kg",
        "법에 의한 인증 및 허가": "사료관리법에 따른 수입신고를 필함",
        "원료구성": "생연어, 어분, 천일홍, 완두콩 가루, 감자전분, 닭기름, 말린 해양 동물성 플라크톤, 건조달걀, 가수분해 가금류 간, 건조 맥주효모, 포도씨유, 사루비아씨, 말린 캐럽 콩깍지, 염화칼륨, 치커리이눌린",
        "성분구성": "조단백 32% 이상, 조지방 20% 이상, 조회분 8.4% 이하, 조섬유 2.8% 이하, 칼슘 1.1% 이상, 인 0.8% 이상, 수분 10% 이하",
        "현재 재고 수량": "6개",
        "소비자 상담 전화": "마마캣 고객센터 (1544-6141)",
        "제품 포장 유형": "통포장",
        "제품 보관방법": "직사광선이 없는 곳에 실온보관"
    },
    {
        "id": 322,
        "name": "레오나르도 캣 그레인프리 어덜트 폴트리 1.8kg",
        "image": "https://mamacat.co.kr/web/product/big/20200319/c235a488ff078f4b537dcc56fce3f0c5.jpg",
        "상품 간략설명": "성묘용 | 슈퍼프리미엄 (2167원/100g당)",
        "가격정책": "마마캣 회원등급 할인 상품",
        "유통기한": "2022.06.",
        "사료등급": "슈퍼프리미엄",
        "정상 소비자가": "44,000원",
        "마마캣 판매가": "41,900원",
        "가장 높은 회원등급 할인 적용시 구매가": "39,810원 (최대 2,090원 할인)",
        "원산지": "독일",
        "제조자 | 수입자": "BEWITAL petfood GmbH & Co.KG | 갤럭시펫",
        "사용 연령": "성묘용 (1세 이상)",
        "100g 가격": "2167원",
        "포장단위별 용량, 수량": "1.8kg",
        "법에 의한 인증 및 허가": "사료관리법에 따른 수입신고를 필함",
        "원료구성": "신선한 가금육, 저회분 건조 가금육 단백질, 천일홍, 감자전분, 완두콩가루, 닭기름, 가수분해 가금류 간, 말린 해양 동물성 플라크톤, 어분, 건조 맥주효모, 건조달걀, 포도씨유, 사루비아씨, 말린캐럽 콩깍지, 염화나트륨, 염화칼륨, 제2인산칼슘, 치커리이눌린",
        "성분구성": "조단백 32% 이상, 조지방 18% 이상, 조회분 8.2% 이하, 조섬유 2.8% 이하, 칼슘 1.2% 이상, 인 0.7% 이상, 수분 10%이하",
        "현재 재고 수량": "4개",
        "소비자 상담 전화": "마마캣 고객센터 (1544-6141)",
        "제품 포장 유형": "통포장",
        "제품 보관방법": "직사광선이 없는 곳에 실온보관"
    },
    {
        "id": 323,
        "name": "레오나르도 캣 시니어 2kg",
        "image": "https://mamacat.co.kr/web/product/big/20200306/9c3977641e9ac05b0d64ee82f49122d4.jpg",
        "상품 간략설명": "노묘용 | 슈퍼프리미엄 (1,915원/100g당)",
        "가격정책": "마마캣 회원등급 할인 상품",
        "유통기한": "2022.06.",
        "사료등급": "슈퍼프리미엄",
        "정상 소비자가": "39,000원",
        "마마캣 판매가": "38,300원",
        "가장 높은 회원등급 할인 적용시 구매가": "36,390원 (최대 1,910원 할인)",
        "원산지": "독일",
        "제조자 | 수입자": "BEWITAL petfood GmbH & Co.KG | 갤럭시펫",
        "사용 연령": "노묘용 (7세 이상)",
        "100g 가격": "1,915원",
        "포장단위별 용량, 수량": "2kg",
        "법에 의한 인증 및 허가": "사료관리법에 따른 수입신고를 필함",
        "원료구성": "신선한 가금육, 쌀, 저회분 건조 가금육단백질, 통옥수수, 가수분해 가금류 간, 어분, 호밀맥아, 닭기름, 건조 달걀, 말린 해양 동물성 플랑크톤, 건조 맥주효모, 사루비아씨, 포도씨유, 말린 캐럽 콩깍지, 염화칼륨, 염화나트륨, 치커리이눌린",
        "성분구성": "조단백 28% 이상, 조지방 15% 이상, 조회분 7.2% 이하, 조섬유 2.8% 이하, 칼슘 0.9% 이상, 인 0.65% 이상, 수분 10% 이하",
        "현재 재고 수량": "1개",
        "소비자 상담 전화": "마마캣 고객센터 (1544-6141)",
        "제품 포장 유형": "통포장",
        "제품 보관방법": "직사광선이 없는 곳에 실온보관"
    },
    {
        "id": 324,
        "name": "레오나르도 캣 어덜트 오리 2kg",
        "image": "https://mamacat.co.kr/web/product/big/20200306/5927f4bb8ef6c22cd5fe43f57f0b4aa6.jpg",
        "상품 간략설명": "성묘용 | 슈퍼프리미엄 (1,680원/100g당)",
        "가격정책": "마마캣 회원등급 할인 상품",
        "유통기한": "2021.10.",
        "박집사 한마디": "레오나르도 고양이사료는 치석 관리에 탁월한 사료입니다 :)",
        "사료등급": "슈퍼프리미엄",
        "정상 소비자가": "35,000원",
        "마마캣 판매가": "33,600원",
        "가장 높은 회원등급 할인 적용시 구매가": "31,920원 (최대 1,680원 할인)",
        "원산지": "독일",
        "제조자 | 수입자": "BEWITAL petfood GmbH & Co.KG | 갤럭시펫",
        "사용 연령": "성묘용 (1세 이상)",
        "100g 가격": "1680원",
        "포장단위별 용량, 수량": "2kg",
        "법에 의한 인증 및 허가": "사료관리법에 따른 수입신고를 필함",
        "원료구성": "신선한 가금육, 건조 오리 단백질, 쌀, 저회분 건조 가금육 단백질, 감자전분, 닭기름, 가수분해 가금류 간, 호밀맥아, 건조 달걀, 어분, 말린 해양 동물성 플랑크톤, 건조 맥주효모, 포도씨유, 사루비아씨, 말린 캐럽 콩깍지, 구아검, 염화나트륨, 염화칼륨 등",
        "성분구성": "조단백 32% 이상, 조지방 20% 이상, 조회분 7.9% 이하, 조섬유 2.3% 이하, 칼슘 1.2% 이상, 인 0.8% 이상, 수분 10% 이하",
        "현재 재고 수량": "3개",
        "소비자 상담 전화": "마마캣 고객센터 (1544-6141)",
        "제품 포장 유형": "통포장",
        "제품 보관방법": "직사광선이 없는 곳에 실온보관"
    },
    {
        "id": 325,
        "name": "레오나르도 캣 어덜트 컴플리트 32/16 2kg",
        "image": "https://mamacat.co.kr/web/product/big/20200319/cc92f7d2b6b24ef384625598a35121e1.jpg",
        "상품 간략설명": "성묘용 | 슈퍼프리미엄 (1550원/100g당)",
        "가격정책": "마마캣 회원등급 할인 상품",
        "유통기한": "2022.07.",
        "박집사 한마디": "레오나르도 고양이사료는 치석 관리에 탁월한 사료입니다 :)",
        "사료등급": "슈퍼프리미엄",
        "정상 소비자가": "32,000원",
        "마마캣 판매가": "31,000원",
        "가장 높은 회원등급 할인 적용시 구매가": "29,450원 (최대 1,550원 할인)",
        "원산지": "독일",
        "제조자 | 수입자": "BEWITAL petfood GmbH & Co.KG | 갤럭시펫",
        "사용 연령": "성묘용 (1세 이상)",
        "100g 가격": "1550원",
        "포장단위별 용량, 수량": "2kg",
        "법에 의한 인증 및 허가": "사료관리법에 따른 수입신고를 필함",
        "원료구성": "저회분 건조 가금육단백질, 통옥수수, 닭기름, 통밀, 어분, 쌀, 호밀맥아, 가수 분해 가금류 간, 건조 달걀, 건조 맥주효모, 아마씨, 염화나트륨, 염화칼륨, 치커리이눌린",
        "성분구성": "조단백 32% 이상, 조지방 16% 이상, 조회분 7.2 % 이하, 조섬유 1.9% 이하, 칼슘 1% 이상, 인 0.9% 이상, 나트륨 0.45% 이상, 마그네슘 0.09% 이상",
        "현재 재고 수량": "5개",
        "소비자 상담 전화": "마마캣 고객센터 (1544-6141)",
        "제품 포장 유형": "통포장",
        "제품 보관방법": "직사광선이 없는 곳에 실온보관"
    },
    {
        "id": 326,
        "name": "레오나르도 캣 어덜트 피쉬 2kg",
        "image": "https://mamacat.co.kr/web/product/big/20200306/8f496590bdb21e600ce261419092394f.jpg",
        "상품 간략설명": "성묘용 | 슈퍼프리미엄 (1770원/100g당)",
        "가격정책": "마마캣 회원등급 할인 상품",
        "유통기한": "2021.10.",
        "박집사 한마디": "레오나르도 고양이사료는 치석 관리에 탁월한 사료입니다 :)",
        "사료등급": "슈퍼프리미엄",
        "정상 소비자가": "37,000원",
        "마마캣 판매가": "35,400원",
        "가장 높은 회원등급 할인 적용시 구매가": "33,630원 (최대 1,770원 할인)",
        "원산지": "독일",
        "제조자 | 수입자": "BEWITAL petfood GmbH & Co.KG | 갤럭시펫",
        "사용 연령": "성묘용 (1세 이상)",
        "100g 가격": "1770원",
        "포장단위별 용량, 수량": "2kg",
        "법에 의한 인증 및 허가": "사료관리법에 따른 수입신고를 필함",
        "원료구성": "생연어, 쌀, 어분, 저회분 건조 가금육 단백질, 통옥수수, 닭기름, 말린 해양 동물성 플랑크톤, 가수분해 가금류 간, 호밀맥아, 건조 달걀, 건조 맥주 효모, 포도씨유, 사루비아씨, 말린 캐럽 콩깍지, 염화나트륨, 염화칼륨, 치커리이눌린",
        "성분구성": "조단백 32% 이상, 조지방 20% 이상, 조회분 8.5% 이하, 조섬유 2.3% 이하, 칼슘 1.2% 이상, 인 0.8% 이상, 수분 10% 이하",
        "현재 재고 수량": "11개",
        "소비자 상담 전화": "마마캣 고객센터 (1544-6141)",
        "제품 포장 유형": "통포장",
        "제품 보관방법": "직사광선이 없는 곳에 실온보관"
    },
    {
        "id": 327,
        "name": "레오나르도 캣 주식캔 리치 인 리버 200g × 6개",
        "image": "https://mamacat.co.kr/web/product/big/202011/20a0c75eab17e8bfe73ca914c7338aab.png",
        "가격정책": "마마캣 회원등급 할인 상품",
        "유통기한": "2024.03.24.",
        "정상 소비자가": "24,000원",
        "마마캣 판매가": "21,600원",
        "가장 높은 회원등급 할인 적용시 구매가": "20,520원 (최대 1,080원 할인)",
        "원산지": "독일",
        "제조자 | 수입자": "BEWITAL petfood GmbH & Co.KG | 갤럭시펫",
        "사용 연령": "성묘용 (12개월 이상)",
        "100g 가격": "1,800원",
        "포장단위별 용량, 수량": "200g × 6개",
        "법에 의한 인증 및 허가": "사료관리법에 따른 수입신고를 필함",
        "원료구성": "신선한 육류 (65% / 간25%+육즙 34%), 미네랄 (1%)",
        "성분구성": "조단백 9.0%이상, 조지방 2.5%이상, 조회분 2.0%이하, 조섬유 0.5%이하, 칼슘 0.15%이상, 인 0.1%이상, 수분 83.0%이하",
        "현재 재고 수량": "3개",
        "소비자 상담 전화": "마마캣 고객센터 (1544-6141)",
        "제품 포장 유형": "캔",
        "제품 보관방법": "직사광선이 내리쬐지 않는 서늘한곳에 실온보관"
    },
    {
        "id": 328,
        "name": "레오나르도 캣 주식캔 리치 인 리버 200g",
        "image": "https://mamacat.co.kr/web/product/big/20200601/3c455394f6e44d51ebf924abd6566dea.jpg",
        "가격정책": "마마캣 회원등급 할인 상품",
        "유통기한": "2024.03.24.",
        "정상 소비자가": "4,000원",
        "마마캣 판매가": "4,000원",
        "가장 높은 회원등급 할인 적용시 구매가": "3,800원 (최대 200원 할인)",
        "원산지": "독일",
        "제조자 | 수입자": "BEWITAL petfood GmbH & Co.KG | 갤럭시펫",
        "사용 연령": "성묘용 (12개월 이상)",
        "100g 가격": "2,000원",
        "포장단위별 용량, 수량": "200g",
        "법에 의한 인증 및 허가": "사료관리법에 따른 수입신고를 필함",
        "원료구성": "신선한 육류 (65% / 간25%+육즙 34%), 미네랄 (1%)",
        "성분구성": "조단백 9.0%이상, 조지방 2.5%이상, 조회분 2.0%이하, 조섬유 0.5%이하, 칼슘 0.15%이상, 인 0.1%이상, 수분 83.0%이하",
        "현재 재고 수량": "7개",
        "소비자 상담 전화": "마마캣 고객센터 (1544-6141)",
        "제품 포장 유형": "캔",
        "제품 보관방법": "직사광선이 내리쬐지 않는 서늘한곳에 실온보관"
    },
    {
        "id": 329,
        "name": "레오나르도 캣 주식캔 리치 인 생선 200g × 6개",
        "image": "https://mamacat.co.kr/web/product/big/202011/8bbf19687de1bd7d550bdc75dff6a5d8.png",
        "가격정책": "마마캣 회원등급 할인 상품",
        "유통기한": "2023.11.13.",
        "정상 소비자가": "24,000원",
        "마마캣 판매가": "21,600원",
        "가장 높은 회원등급 할인 적용시 구매가": "20,520원 (최대 1,080원 할인)",
        "원산지": "독일",
        "제조자 | 수입자": "BEWITAL petfood GmbH & Co.KG | 갤럭시펫",
        "사용 연령": "성묘용 (12개월 이상)",
        "100g 가격": "1,800원",
        "포장단위별 용량, 수량": "200g × 6개",
        "법에 의한 인증 및 허가": "사료관리법에 따른 수입신고를 필함",
        "원료구성": "신선한 어육 (40% / 육즙 34%) (25%오션피쉬), 미네랄 (1%)",
        "성분구성": "조단백 10.0%이상, 조지방 2.0%이상, 조회분 1.6%이하, 조섬유 0.2%이하, 칼슘 0.2%이상, 인 0.2%이상, 수분 84.0%이하",
        "현재 재고 수량": "4개",
        "소비자 상담 전화": "마마캣 고객센터 (1544-6141)",
        "제품 포장 유형": "캔",
        "제품 보관방법": "직사광선이 내리쬐지 않는 서늘한곳에 실온보관"
    },
    {
        "id": 330,
        "name": "레오나르도 캣 주식캔 리치 인 생선 200g",
        "image": "https://mamacat.co.kr/web/product/big/20200601/64518cb04f97b675f15307ccfb361b53.jpg",
        "가격정책": "마마캣 회원등급 할인 상품",
        "유통기한": "2023.11.13.",
        "정상 소비자가": "4,000원",
        "마마캣 판매가": "4,000원",
        "가장 높은 회원등급 할인 적용시 구매가": "3,800원 (최대 200원 할인)",
        "원산지": "독일",
        "제조자 | 수입자": "BEWITAL petfood GmbH & Co.KG | 갤럭시펫",
        "사용 연령": "성묘용 (12개월 이상)",
        "100g 가격": "2,000원",
        "포장단위별 용량, 수량": "200g",
        "법에 의한 인증 및 허가": "사료관리법에 따른 수입신고를 필함",
        "원료구성": "신선한 어육 (40% / 육즙 34%) (25%오션피쉬), 미네랄 (1%)",
        "성분구성": "조단백 10.0%이상, 조지방 2.0%이상, 조회분 1.6%이하, 조섬유 0.2%이하, 칼슘 0.2%이상, 인 0.2%이상, 수분 84.0%이하",
        "현재 재고 수량": "6개",
        "소비자 상담 전화": "마마캣 고객센터 (1544-6141)",
        "제품 포장 유형": "캔",
        "제품 보관방법": "직사광선이 내리쬐지 않는 서늘한곳에 실온보관"
    },
    {
        "id": 331,
        "name": "레오나르도 캣 주식캔 리치 인 오리 200g × 6개",
        "image": "https://mamacat.co.kr/web/product/big/202011/e208f58a971c758ce9c3ac600f10347e.png",
        "가격정책": "마마캣 회원등급 할인 상품",
        "유통기한": "2023.11.07.",
        "정상 소비자가": "24,000원",
        "마마캣 판매가": "21,600원",
        "가장 높은 회원등급 할인 적용시 구매가": "20,520원 (최대 1,080원 할인)",
        "원산지": "독일",
        "제조자 | 수입자": "BEWITAL petfood GmbH & Co.KG | 갤럭시펫",
        "사용 연령": "성묘용 (12개월 이상)",
        "100g 가격": "1,800원",
        "포장단위별 용량, 수량": "200g × 6개",
        "법에 의한 인증 및 허가": "사료관리법에 따른 수입신고를 필함",
        "원료구성": "신선한 육류 (65% / 오리25%+육즙 34%), 탄산수, 계란껍질",
        "성분구성": "조단백 11.1%이상, 조지방 5.3%이상, 조회분 1.3%이하, 조섬유 0.44%이하, 칼슘 0.2%이상, 인 0.16%이상, 수분 81.0%이하",
        "현재 재고 수량": "3개",
        "소비자 상담 전화": "마마캣 고객센터 (1544-6141)",
        "제품 포장 유형": "캔",
        "제품 보관방법": "직사광선이 내리쬐지 않는 서늘한곳에 실온보관"
    },
    {
        "id": 332,
        "name": "레오나르도 캣 주식캔 리치 인 오리 200g",
        "image": "https://mamacat.co.kr/web/product/big/20200601/5b8d0076561f6f0cc92459d165682085.jpg",
        "가격정책": "마마캣 회원등급 할인 상품",
        "유통기한": "2023.11.07.",
        "정상 소비자가": "4,000원",
        "마마캣 판매가": "4,000원",
        "가장 높은 회원등급 할인 적용시 구매가": "3,800원 (최대 200원 할인)",
        "원산지": "독일",
        "제조자 | 수입자": "BEWITAL petfood GmbH & Co.KG | 갤럭시펫",
        "사용 연령": "성묘용 (12개월 이상)",
        "100g 가격": "2,000원",
        "포장단위별 용량, 수량": "200g",
        "법에 의한 인증 및 허가": "사료관리법에 따른 수입신고를 필함",
        "원료구성": "신선한 육류 (65% / 오리25%+육즙 34%), 탄산수, 계란껍질",
        "성분구성": "조단백 11.1%이상, 조지방 5.3%이상, 조회분 1.3%이하, 조섬유 0.44%이하, 칼슘 0.2%이상, 인 0.16%이상, 수분 81.0%이하",
        "현재 재고 수량": "10개",
        "소비자 상담 전화": "마마캣 고객센터 (1544-6141)",
        "제품 포장 유형": "캔",
        "제품 보관방법": "직사광선이 내리쬐지 않는 서늘한곳에 실온보관"
    },
    {
        "id": 333,
        "name": "레오나르도 캣 주식캔 리치 인 토끼 200g × 6개",
        "image": "https://mamacat.co.kr/web/product/big/202011/4922feefb537add9ec3352f50e5e24d1.png",
        "가격정책": "마마캣 회원등급 할인 상품",
        "유통기한": "2024.04.07.",
        "정상 소비자가": "24,000원",
        "마마캣 판매가": "21,600원",
        "가장 높은 회원등급 할인 적용시 구매가": "20,520원 (최대 1,080원 할인)",
        "원산지": "독일",
        "제조자 | 수입자": "BEWITAL petfood GmbH & Co.KG | 갤럭시펫",
        "사용 연령": "성묘용 (12개월 이상)",
        "100g 가격": "1,800원",
        "포장단위별 용량, 수량": "200g × 6개",
        "법에 의한 인증 및 허가": "사료관리법에 따른 수입신고를 필함",
        "원료구성": "신선한 육류 (65% / 토끼25%+육즙34%), 미네랄 (1%)",
        "성분구성": "조단백 10.0%이상, 조지방 1.0%이상, 조회분 2.0%이하, 조섬유 0.09%이하, 칼슘 0.35%이상, 인 0.2%이상, 수분 81.0%이하",
        "현재 재고 수량": "4개",
        "소비자 상담 전화": "마마캣 고객센터 (1544-6141)",
        "제품 포장 유형": "캔",
        "제품 보관방법": "직사광선이 내리쬐지 않는 서늘한곳에 실온보관"
    },
    {
        "id": 334,
        "name": "레오나르도 캣 주식캔 리치 인 토끼 200g",
        "image": "https://mamacat.co.kr/web/product/big/20200601/89b3f2085870102bc81ce340839384e8.jpg",
        "가격정책": "마마캣 회원등급 할인 상품",
        "유통기한": "2024.04.07.",
        "정상 소비자가": "4,000원",
        "마마캣 판매가": "4,000원",
        "가장 높은 회원등급 할인 적용시 구매가": "3,800원 (최대 200원 할인)",
        "원산지": "독일",
        "제조자 | 수입자": "BEWITAL petfood GmbH & Co.KG | 갤럭시펫",
        "사용 연령": "성묘용 (12개월 이상)",
        "100g 가격": "2,000원",
        "포장단위별 용량, 수량": "200g",
        "법에 의한 인증 및 허가": "사료관리법에 따른 수입신고를 필함",
        "원료구성": "신선한 육류 (65% / 토끼25%+육즙34%), 미네랄 (1%)",
        "성분구성": "조단백 10.0%이상, 조지방 1.0%이상, 조회분 2.0%이하, 조섬유 0.09%이하, 칼슘 0.35%이상, 인 0.2%이상, 수분 81.0%이하",
        "현재 재고 수량": "9개",
        "소비자 상담 전화": "마마캣 고객센터 (1544-6141)",
        "제품 포장 유형": "캔",
        "제품 보관방법": "직사광선이 내리쬐지 않는 서늘한곳에 실온보관"
    },
    {
        "id": 335,
        "name": "레오나르도 캣 주식캔 퓨어 폴트리 200g × 6개",
        "image": "https://mamacat.co.kr/web/product/big/202011/cbd41d4af5213a80a75bcd95027877e7.png",
        "가격정책": "마마캣 회원등급 할인 상품",
        "유통기한": "2023.12.14.",
        "정상 소비자가": "24,000원",
        "마마캣 판매가": "21,600원",
        "가장 높은 회원등급 할인 적용시 구매가": "20,520원 (최대 1,080원 할인)",
        "원산지": "독일",
        "제조자 | 수입자": "BEWITAL petfood GmbH & Co.KG | 갤럭시펫",
        "사용 연령": "성묘용 (12개월 이상)",
        "100g 가격": "1,800원",
        "포장단위별 용량, 수량": "200g × 6개",
        "법에 의한 인증 및 허가": "사료관리법에 따른 수입신고를 필함",
        "원료구성": "신선한 육류 (가금육 65%, 육즙 60%), 미네랄 (1%)",
        "성분구성": "조단백 8.0%이상, 조지방 6.0%이상, 조회분 2.0%이하, 조섬유 0.6%이하, 칼슘 0.35%이상, 인 0.2%이상, 수분 82.0%이하",
        "현재 재고 수량": "3개",
        "소비자 상담 전화": "마마캣 고객센터 (1544-6141)",
        "제품 포장 유형": "캔",
        "제품 보관방법": "직사광선이 내리쬐지 않는 서늘한곳에 실온보관"
    },
    {
        "id": 336,
        "name": "레오나르도 캣 주식캔 퓨어 폴트리 200g",
        "image": "https://mamacat.co.kr/web/product/big/20200601/6f2ab2b738c07e93094baf70d46fb8a9.jpg",
        "가격정책": "마마캣 회원등급 할인 상품",
        "유통기한": "2023.12.14.",
        "정상 소비자가": "4,000원",
        "마마캣 판매가": "4,000원",
        "가장 높은 회원등급 할인 적용시 구매가": "3,800원 (최대 200원 할인)",
        "원산지": "독일",
        "제조자 | 수입자": "BEWITAL petfood GmbH & Co.KG | 갤럭시펫",
        "사용 연령": "성묘용 (12개월 이상)",
        "100g 가격": "2,000원",
        "포장단위별 용량, 수량": "200g",
        "법에 의한 인증 및 허가": "사료관리법에 따른 수입신고를 필함",
        "원료구성": "신선한 육류 (가금육 65%, 육즙 60%), 미네랄 (1%)",
        "성분구성": "조단백 8.0%이상, 조지방 6.0%이상, 조회분 2.0%이하, 조섬유 0.6%이하, 칼슘 0.35%이상, 인 0.2%이상, 수분 82.0%이하",
        "현재 재고 수량": "7개",
        "소비자 상담 전화": "마마캣 고객센터 (1544-6141)",
        "제품 포장 유형": "캔",
        "제품 보관방법": "직사광선이 내리쬐지 않는 서늘한곳에 실온보관"
    },
    {
        "id": 337,
        "name": "레오나르도 캣 주식파우치 키튼 폴트리 85g",
        "image": "https://mamacat.co.kr/web/product/big/20200601/37d0636f46ad403609aaa276238df66a.jpg",
        "가격정책": "마마캣 회원등급 할인 상품",
        "유통기한": "2023.06.26.",
        "정상 소비자가": "3,000원",
        "마마캣 판매가": "3,000원",
        "가장 높은 회원등급 할인 적용시 구매가": "2,850원 (최대 150원 할인)",
        "원산지": "독일",
        "제조자 | 수입자": "BEWITAL petfood GmbH & Co.KG | 갤럭시펫",
        "사용 연령": "자묘용 (12개월 이하)",
        "100g 가격": "3,058원",
        "포장단위별 용량, 수량": "85g",
        "법에 의한 인증 및 허가": "사료관리법에 따른 수입신고를 필함",
        "원료구성": "가금육, 가금심장, 가금간, 가금근위 (70%), 유도단백질(가금류)(28.6%), 건조 달걀껍질(0.5%), 미네랄 (0.5%), 연어오일 (0.4%)",
        "성분구성": "조단백 9.0%이상, 조지방 5.0%이상, 조회분 3.0%이하, 조섬유 1.0%이하, 칼슘 0.4%이상, 인 0.2%이상, 수분 80.0%이하",
        "현재 재고 수량": "34개",
        "소비자 상담 전화": "마마캣 고객센터 (1544-6141)",
        "제품 포장 유형": "비닐파우치",
        "제품 보관방법": "직사광선이 내리쬐지 않는 서늘한곳에 실온보관"
    },
    {
        "id": 338,
        "name": "레오나르도 캣 주식파우치 퓨어 닭고기 85g × 16개",
        "image": "https://mamacat.co.kr/web/product/big/202011/2ce03c32cd0c9f745a0de602fb5169f2.png",
        "가격정책": "마마캣 회원등급 할인 상품",
        "유통기한": "2023.04.20.",
        "정상 소비자가": "48,000원",
        "마마캣 판매가": "43,200원",
        "가장 높은 회원등급 할인 적용시 구매가": "41,040원 (최대 2,160원 할인)",
        "원산지": "독일",
        "제조자 | 수입자": "BEWITAL petfood GmbH & Co.KG | 갤럭시펫",
        "사용 연령": "성묘용 (12개월 이상)",
        "100g 가격": "3,176원",
        "포장단위별 용량, 수량": "85g × 16개",
        "법에 의한 인증 및 허가": "사료관리법에 따른 수입신고를 필함",
        "원료구성": "닭고기, 닭심장, 닭간, 닭근위(70%), 유도단백질(닭고기)(28.8%), 건조 달걀껍질 (0.5%), 미네랄 (0.5%), 연어오일 (0.2%)",
        "성분구성": "조단백 9.0%이상, 조지방 8.0%이상, 조회분 3.0%이하, 조섬유 2.5%이하, 칼슘 0.2%이상, 인 0.4%이상, 수분 79.0%이하",
        "현재 재고 수량": "8개",
        "소비자 상담 전화": "마마캣 고객센터 (1544-6141)",
        "제품 포장 유형": "비닐파우치",
        "제품 보관방법": "직사광선이 내리쬐지 않는 서늘한곳에 실온보관"
    },
    {
        "id": 339,
        "name": "레오나르도 캣 주식파우치 퓨어 닭고기 85g",
        "image": "https://mamacat.co.kr/web/product/big/20200601/c86a660a9b75a5074f02ee518eaa942a.jpg",
        "가격정책": "마마캣 회원등급 할인 상품",
        "유통기한": "2023.04.20.",
        "정상 소비자가": "3,000원",
        "마마캣 판매가": "3,000원",
        "가장 높은 회원등급 할인 적용시 구매가": "2,850원 (최대 150원 할인)",
        "원산지": "독일",
        "제조자 | 수입자": "BEWITAL petfood GmbH & Co.KG | 갤럭시펫",
        "사용 연령": "성묘용 (12개월 이상)",
        "100g 가격": "3,058원",
        "포장단위별 용량, 수량": "85g",
        "법에 의한 인증 및 허가": "사료관리법에 따른 수입신고를 필함",
        "원료구성": "닭고기, 닭심장, 닭간, 닭근위(70%), 유도단백질(닭고기)(28.8%), 건조 달걀껍질 (0.5%), 미네랄 (0.5%), 연어오일 (0.2%)",
        "성분구성": "조단백 9.0%이상, 조지방 8.0%이상, 조회분 3.0%이하, 조섬유 2.5%이하, 칼슘 0.2%이상, 인 0.4%이상, 수분 79.0%이하",
        "현재 재고 수량": "14개",
        "소비자 상담 전화": "마마캣 고객센터 (1544-6141)",
        "제품 포장 유형": "비닐파우치",
        "제품 보관방법": "직사광선이 내리쬐지 않는 서늘한곳에 실온보관"
    },
    {
        "id": 340,
        "name": "레오나르도 캣 주식파우치 피쉬&새우 85g × 16개",
        "image": "https://mamacat.co.kr/web/product/big/202011/028134d163e58da9182b19dc547811f5.png",
        "가격정책": "마마캣 회원등급 할인 상품",
        "유통기한": "2022.07.18.",
        "정상 소비자가": "48,000원",
        "마마캣 판매가": "43,200원",
        "가장 높은 회원등급 할인 적용시 구매가": "41,040원 (최대 2,160원 할인)",
        "원산지": "독일",
        "제조자 | 수입자": "BEWITAL petfood GmbH & Co.KG | 갤럭시펫",
        "사용 연령": "성묘용 (12개월 이상)",
        "100g 가격": "3,176원",
        "포장단위별 용량, 수량": "85g × 16개",
        "법에 의한 인증 및 허가": "사료관리법에 따른 수입신고를 필함",
        "원료구성": "연어 (30%), 유도단백질(청어,연어,새우)(28.8%), 청어(18%), 새우(12%), 가금육간 (10%), 건조 달걀껍질 (0.5%), 미네랄 (0.5%), 연어오일 (0.2%)",
        "성분구성": "조단백 9.5%이상, 조지방 1.5%이상, 조회분 2.0%이하, 조섬유 0.25%이하, 칼슘 0.1%이상, 인 0.2%이상, 수분 85.0%이하",
        "현재 재고 수량": "5개",
        "소비자 상담 전화": "마마캣 고객센터 (1544-6141)",
        "제품 포장 유형": "비닐파우치",
        "제품 보관방법": "직사광선이 내리쬐지 않는 서늘한곳에 실온보관"
    },
    {
        "id": 341,
        "name": "레오나르도 캣 주식파우치 피쉬&새우 85g",
        "image": "https://mamacat.co.kr/web/product/big/20200601/46c83f0a3a44ba5cd183d41e3c984f70.jpg",
        "가격정책": "마마캣 회원등급 할인 상품",
        "유통기한": "2022.07.18.",
        "정상 소비자가": "3,000원",
        "마마캣 판매가": "3,000원",
        "가장 높은 회원등급 할인 적용시 구매가": "2,850원 (최대 150원 할인)",
        "원산지": "독일",
        "제조자 | 수입자": "BEWITAL petfood GmbH & Co.KG | 갤럭시펫",
        "사용 연령": "성묘용 (12개월 이상)",
        "100g 가격": "3,058원",
        "포장단위별 용량, 수량": "85g",
        "법에 의한 인증 및 허가": "사료관리법에 따른 수입신고를 필함",
        "원료구성": "연어 (30%), 유도단백질(청어,연어,새우)(28.8%), 청어(18%), 새우(12%), 가금육간 (10%), 건조 달걀껍질 (0.5%), 미네랄 (0.5%), 연어오일 (0.2%)",
        "성분구성": "조단백 9.5%이상, 조지방 1.5%이상, 조회분 2.0%이하, 조섬유 0.25%이하, 칼슘 0.1%이상, 인 0.2%이상, 수분 85.0%이하",
        "현재 재고 수량": "19개",
        "소비자 상담 전화": "마마캣 고객센터 (1544-6141)",
        "제품 포장 유형": "비닐파우치",
        "제품 보관방법": "직사광선이 내리쬐지 않는 서늘한곳에 실온보관"
    },
    {
        "id": 342,
        "name": "로얄캐닌 캣 라이트 웨이트 케어 3kg",
        "image": "https://mamacat.co.kr/web/product/big/20191118/203a07e12969810dacd33e91d1722e7c.jpg",
        "상품 간략설명": "성묘용 | 슈퍼프리미엄 (1314원/100g당)",
        "가격정책": "마마캣 회원등급 할인 상품",
        "유통기한": "2022.08.29.",
        "사료등급": "슈퍼프리미엄",
        "정상 소비자가": "42,000원",
        "마마캣 판매가": "39,430원",
        "가장 높은 회원등급 할인 적용시 구매가": "37,460원 (최대 1,970원 할인)",
        "원산지": "대한민국",
        "제조자 | 수입자": "Royal Canin, SA. | 로얄캐닌코리아",
        "사용 연령": "성묘용 (12개월 이상)",
        "100g 가격": "1,314원",
        "포장단위별 용량, 수량": "3kg",
        "법에 의한 인증 및 허가": "사료관리법에 따른 수입신고를 필함",
        "원료구성": "육분(닭, 오리), 분말셀룰로스, 옥수수, 밀글루텐, 쌀, 동물성 유도단백질(닭), 밀, 옥수수 글루텐, 혼합광물질류합제, 동물성 지방(닭, 칠면조, 오리), 사탕무박, 효모, 어유, 차전자피, 대두유, L-카르니틴",
        "성분구성": "조단백 34.0%이상, 조지방 8.0%이상, 칼슘 0.960%이상, 인 0.740%이상, 조회분 8.4%이하, 조섬유 11.4%이하, 수분 6.5%이하 *실제 상품에 적힌 정보에 기반한 내용이며 상세페이지와 약간 차이가 있을 수 있습니다.*",
        "현재 재고 수량": "25개",
        "소비자 상담 전화": "마마캣 고객센터 (1544-6141)",
        "제품 포장 유형": "통포장 (지퍼팩 있음)"
    },
    {
        "id": 343,
        "name": "로얄캐닌 캣 라이트 웨이트 케어 8kg",
        "image": "https://mamacat.co.kr/web/product/big/20191118/e6439d3ed862971dd886e1a709353e47.jpg",
        "상품 간략설명": "성묘용 | 슈퍼프리미엄 (1,117원/100g당)",
        "가격정책": "마마캣 회원등급 할인 상품",
        "유통기한": "2022.09.05.",
        "사료등급": "슈퍼프리미엄",
        "정상 소비자가": "105,000원",
        "마마캣 판매가": "89,430원",
        "가장 높은 회원등급 할인 적용시 구매가": "84,960원 (최대 4,470원 할인)",
        "원산지": "대한민국",
        "제조자 | 수입자": "Royal Canin, SA. | 로얄캐닌코리아",
        "사용 연령": "성묘용 (12개월 이상)",
        "100g 가격": "1,117원",
        "포장단위별 용량, 수량": "8kg",
        "법에 의한 인증 및 허가": "사료관리법에 따른 수입신고를 필함",
        "원료구성": "육분(닭, 오리), 분말셀룰로스, 옥수수, 밀글루텐, 쌀, 동물성 유도단백질(닭), 밀, 옥수수 글루텐, 혼합광물질류합제, 동물성 지방(닭, 칠면조, 오리), 사탕무박, 효모, 어유, 차전자피, 대두유, L-카르니틴",
        "성분구성": "조단백 34.0%이상, 조지방 8.0%이상, 칼슘 0.960%이상, 인 0.740%이상, 조회분 8.4%이하, 조섬유 11.4%이하, 수분 6.5%이하 *실제 상품에 적힌 정보에 기반한 내용이며 상세페이지와 약간 차이가 있을 수 있습니다.*",
        "현재 재고 수량": "16개",
        "소비자 상담 전화": "마마캣 고객센터 (1544-6141)",
        "제품 포장 유형": "통포장 (지퍼 없음)"
    },
    {
        "id": 344,
        "name": "로얄캐닌 캣 마더&베이비캣 10kg",
        "image": "https://mamacat.co.kr/web/product/big/20191118/691d82a1ef1137eb9b8d9af9a1e34cf4.jpg",
        "상품 간략설명": "베이비 | 슈퍼프리미엄 (1,048원/100g당)",
        "가격정책": "마마캣 회원등급 할인 상품",
        "유통기한": "2022.08.28.",
        "사료등급": "슈퍼프리미엄",
        "정상 소비자가": "105,000원",
        "마마캣 판매가": "104,830원",
        "가장 높은 회원등급 할인 적용시 구매가": "99,590원 (최대 5,240원 할인)",
        "원산지": "대한민국",
        "제조자 | 수입자": "로얄캐닌코리아",
        "사용 연령": "베이비 (0~3개월)",
        "100g 가격": "1,048원",
        "포장단위별 용량, 수량": "10kg",
        "법에 의한 인증 및 허가": "사료관리법에 따른 수입신고를 필함",
        "원료구성": "탈수 가금 단백질(닭, 칠면조 등), 식물성 단백질 분리물(밀), 쌀, 동물성 지방(가금류), 옥수수, 가수분해 동물성 단백질(가금류 등), 미네랄, 효모, 생선 오일, 사탕무박, 분말셀룰로스, 대두유, 프락토올리고당, 만난올리고당, 베타글루칸, 금잔화추출물 등",
        "성분구성": "조단백질 32%이상, 조지방 23%이상, 조회분 8.4%이하, 조섬유 2.9%이하, 칼슘 0.98%이상, 인 0.80%이상, 수분 7.0%이하, DHA 0.18% *실제 상품에 적힌 정보에 기반한 내용이며 상세페이지와 약간 차이가 있을 수 있습니다.*",
        "현재 재고 수량": "13개",
        "소비자 상담 전화": "마마캣 고객센터 (1544-6141)",
        "제품 포장 유형": "통포장 (지퍼 없음)"
    },
    {
        "id": 345,
        "name": "로얄캐닌 캣 마더&베이비캣 4kg",
        "image": "https://mamacat.co.kr/web/product/big/20191118/8c29e24420f88f00bec2a2d354f67fa6.jpg",
        "상품 간략설명": "베이비 | 슈퍼프리미엄 (1,210원/100g당)",
        "가격정책": "마마캣 회원등급 할인 상품",
        "유통기한": "2022.08.02.",
        "사료등급": "슈퍼프리미엄",
        "정상 소비자가": "54,000원",
        "마마캣 판매가": "48,430원",
        "가장 높은 회원등급 할인 적용시 구매가": "46,010원 (최대 2,420원 할인)",
        "원산지": "대한민국",
        "제조자 | 수입자": "로얄캐닌코리아",
        "사용 연령": "베이비 (0~3개월)",
        "100g 가격": "1,210원",
        "포장단위별 용량, 수량": "4kg",
        "법에 의한 인증 및 허가": "사료관리법에 따른 수입신고를 필함",
        "원료구성": "탈수 가금 단백질(닭, 칠면조 등), 식물성 단백질 분리물(밀), 쌀, 동물성 지방(가금류), 옥수수, 가수분해 동물성 단백질(가금류 등), 미네랄, 효모, 생선 오일, 사탕무박, 분말셀룰로스, 대두유, 프락토올리고당, 만난올리고당, 베타글루칸, 금잔화추출물 등",
        "성분구성": "조단백질 32%이상, 조지방 23%이상, 조회분 8.4%이하, 조섬유 2.9%이하, 칼슘 0.98%이상, 인 0.80%이상, 수분 7.0%이하, DHA 0.18% *실제 상품에 적힌 정보에 기반한 내용이며 상세페이지와 약간 차이가 있을 수 있습니다.*",
        "현재 재고 수량": "14개",
        "소비자 상담 전화": "마마캣 고객센터 (1544-6141)",
        "제품 포장 유형": "통포장 (지퍼팩 있음)"
    },
    {
        "id": 346,
        "name": "로얄캐닌 캣 샴 어덜트 2kg",
        "image": "https://mamacat.co.kr/web/product/big/20191118/df66b6471257be09d173092b4b4a365b.jpg",
        "상품 간략설명": "성묘용 | 슈퍼프리미엄 (1284원/100g당)",
        "가격정책": "마마캣 회원등급 할인 상품",
        "유통기한": "2022.08.23.",
        "사료등급": "슈퍼프리미엄",
        "정상 소비자가": "37,000원",
        "마마캣 판매가": "25,680원",
        "가장 높은 회원등급 할인 적용시 구매가": "24,400원 (최대 1,280원 할인)",
        "원산지": "대한민국",
        "제조자 | 수입자": "Royal Canin, SA. | 로얄캐닌코리아",
        "사용 연령": "성묘용 (12개월 이상)",
        "100g 가격": "1284원",
        "포장단위별 용량, 수량": "2kg",
        "법에 의한 인증 및 허가": "사료관리법에 따른 수입신고를 필함",
        "원료구성": "육분(닭, 오리), 밀 글루텐, 옥수수, 밀, 쌀, 옥수수 글루텐, 동물성 지방(닭, 오리), 동물성 유도단백질(닭), 사탕무박, 혼합광물질류 합제, 어유, 효모, 대두유, 프락토올리고당, 가수분해효모, 보리지유, 금잔화추출물, L-카르니틴",
        "성분구성": "조단백 36.0%이상, 조지방 14.0%이상, 칼슘 0.800%이상, 인 0.680%이상, 조회분 8.6%이하, 조섬유 2.4%이하, 수분 6.5%이하, 오메가6 지방산 3.7%, 오메가3 지방산 0.75%, L-카르니틴 50mg/kg*실물에 적힌 정보에 기반한 내용이며 상세페이지와 차이가 있습니다.*",
        "현재 재고 수량": "17개",
        "소비자 상담 전화": "마마캣 고객센터 (1544-6141)",
        "제품 포장 유형": "통포장 (지퍼팩 있음)"
    },
    {
        "id": 347,
        "name": "로얄캐닌 캣 샴 어덜트 4kg",
        "image": "https://mamacat.co.kr/web/product/big/20191118/a10f919a4697514e56e4a792b2412d4d.jpg",
        "상품 간략설명": "성묘용 | 슈퍼프리미엄 (1,246원/100g당)",
        "가격정책": "마마캣 회원등급 할인 상품",
        "유통기한": "2022.09.17.",
        "사료등급": "슈퍼프리미엄",
        "정상 소비자가": "57,000원",
        "마마캣 판매가": "49,870원",
        "가장 높은 회원등급 할인 적용시 구매가": "47,380원 (최대 2,490원 할인)",
        "원산지": "대한민국",
        "제조자 | 수입자": "Royal Canin, SA. | 로얄캐닌코리아",
        "사용 연령": "성묘용 (12개월 이상)",
        "100g 가격": "1,246원",
        "포장단위별 용량, 수량": "4kg",
        "법에 의한 인증 및 허가": "사료관리법에 따른 수입신고를 필함",
        "원료구성": "육분(닭, 오리), 밀 글루텐, 옥수수, 밀, 쌀, 옥수수 글루텐, 동물성 지방(닭, 오리), 동물성 유도단백질(닭), 사탕무박, 혼합광물질류 합제, 어유, 효모, 대두유, 프락토올리고당, 가수분해효모, 보리지유, 금잔화추출물, L-카르니틴",
        "성분구성": "조단백 36.0%이상, 조지방 14.0%이상, 칼슘 0.800%이상, 인 0.680%이상, 조회분 8.6%이하, 조섬유 2.4%이하, 수분 6.5%이하, 오메가6 지방산 3.7%, 오메가3 지방산 0.75%, L-카르니틴 50mg/kg*실물에 적힌 정보에 기반한 내용이며 상세페이지와 차이가 있습니다.*",
        "현재 재고 수량": "17개",
        "소비자 상담 전화": "마마캣 고객센터 (1544-6141)",
        "제품 포장 유형": "통포장 (지퍼팩 있음)"
    },
    {
        "id": 348,
        "name": "로얄캐닌 캣 센서블 10kg",
        "image": "https://mamacat.co.kr/web/product/big/20191118/39cec0595eefb74d33b609b7ab96b78a.jpg",
        "상품 간략설명": "성묘용 | 슈퍼프리미엄 (1,048원/100g당)",
        "가격정책": "마마캣 회원등급 할인 상품",
        "유통기한": "2022.08.22.",
        "사료등급": "슈퍼프리미엄",
        "정상 소비자가": "105,000원",
        "마마캣 판매가": "104,830원",
        "가장 높은 회원등급 할인 적용시 구매가": "99,590원 (최대 5,240원 할인)",
        "원산지": "대한민국",
        "제조자 | 수입자": "Royal Canin, SA. | 로얄캐닌코리아",
        "사용 연령": "성묘용 (12개월 이상)",
        "100g 가격": "1,048원",
        "포장단위별 용량, 수량": "10kg",
        "법에 의한 인증 및 허가": "사료관리법에 따른 수입신고를 필함",
        "원료구성": "육분(닭, 칠면조, 오리), 쌀, 동물성 지방(닭, 칠면조, 오리), 밀 글루텐, 밀, 옥수수, 동물성 유도단백질(닭, 칠면조), 효모, 옥수수 글루텐, 사탕무박, 미네랄, 어유, 분말셀룰로스, 대두유, 프락토올리고당",
        "성분구성": "조단백 31.0%이상, 조지방 20.0%이상, 칼슘 0.880%이상, 인 0.800%이상, 조회분 8.5%이하, 조섬유 2.6%이하, 수분 6.5%이하 *실제 상품에 적힌 정보에 기반한 내용이며 상세페이지와 약간 차이가 있을 수 있습니다.*",
        "현재 재고 수량": "3개",
        "소비자 상담 전화": "마마캣 고객센터 (1544-6141)",
        "제품 포장 유형": "통포장 (지퍼 없음)"
    },
    {
        "id": 349,
        "name": "로얄캐닌 캣 센서블 4kg",
        "image": "https://mamacat.co.kr/web/product/big/20191118/42c5421b4642b387223a0a922052633f.jpg",
        "상품 간략설명": "성묘용 | 슈퍼프리미엄 (1,210원/100g당)",
        "가격정책": "마마캣 회원등급 할인 상품",
        "유통기한": "2022.08.22.",
        "사료등급": "슈퍼프리미엄",
        "정상 소비자가": "54,000원",
        "마마캣 판매가": "48,430원",
        "가장 높은 회원등급 할인 적용시 구매가": "46,010원 (최대 2,420원 할인)",
        "원산지": "대한민국",
        "제조자 | 수입자": "Royal Canin, SA. | 로얄캐닌코리아",
        "사용 연령": "성묘용 (12개월 이상)",
        "100g 가격": "1,210원",
        "포장단위별 용량, 수량": "4kg",
        "법에 의한 인증 및 허가": "사료관리법에 따른 수입신고를 필함",
        "원료구성": "육분(닭, 칠면조, 오리), 쌀, 동물성 지방(닭, 칠면조, 오리), 밀 글루텐, 밀, 옥수수, 동물성 유도단백질(닭, 칠면조), 효모, 옥수수 글루텐, 사탕무박, 미네랄, 어유, 분말셀룰로스, 대두유, 프락토올리고당",
        "성분구성": "조단백 31.0%이상, 조지방 20.0%이상, 칼슘 0.880%이상, 인 0.800%이상, 조회분 8.5%이하, 조섬유 2.6%이하, 수분 6.5%이하 *실제 상품에 적힌 정보에 기반한 내용이며 상세페이지와 약간 차이가 있을 수 있습니다.*",
        "현재 재고 수량": "7개",
        "소비자 상담 전화": "마마캣 고객센터 (1544-6141)",
        "제품 포장 유형": "통포장 (지퍼팩 있음)"
    },
    {
        "id": 350,
        "name": "로얄캐닌 캣 스테럴라이즈드 10kg",
        "image": "https://mamacat.co.kr/web/product/big/20191118/8f33df584ebf1b88853babe5f7c02adf.jpg",
        "상품 간략설명": "성묘용 | 슈퍼프리미엄 (1,048원/100g당)",
        "가격정책": "마마캣 회원등급 할인 상품",
        "유통기한": "2022.05.26.",
        "사료등급": "슈퍼프리미엄",
        "정상 소비자가": "105,000원",
        "마마캣 판매가": "104,830원",
        "가장 높은 회원등급 할인 적용시 구매가": "99,590원 (최대 5,240원 할인)",
        "원산지": "대한민국",
        "제조자 | 수입자": "Royal Canin, SA. | 로얄캐닌코리아",
        "사용 연령": "성묘용 (12개월 이상)",
        "100g 가격": "1,048원",
        "포장단위별 용량, 수량": "10kg",
        "법에 의한 인증 및 허가": "사료관리법에 따른 수입신고를 필함",
        "원료구성": "육분(닭, 칠면조, 오리), 옥수수, 밀글루텐, 분말셀룰로스, 동물성 지방(가금류), 동물성 유도단백질(닭, 칠면조), 쌀, 밀, 사탕무박, 옥수수 글루텐, 효모, 혼합광물질류 합제, 어유, 프락토올리고당, 대두유, 비타민A, 비타민D3, 철, 요오드, 구리, 망간, 아연 등",
        "성분구성": "조단백 35%이상, 조지방 10%이상, 칼슘 0.88%이상, 인 0.8%이상, 조섬유 7.2%이하, 조회분 9%이하, 수분 7%이하 *실제 상품에 적힌 정보에 기반한 내용이며 상세페이지와 약간 차이가 있을 수 있습니다.*",
        "현재 재고 수량": "3개",
        "소비자 상담 전화": "마마캣 고객센터 (1544-6141)",
        "제품 포장 유형": "통포장 (지퍼 없음)"
    },
    {
        "id": 351,
        "name": "로얄캐닌 캣 스테럴라이즈드 4kg",
        "image": "https://mamacat.co.kr/web/product/big/20191118/e88d73c6ecd4c37cda9c97b3e5f20366.jpg",
        "상품 간략설명": "성묘용 | 슈퍼프리미엄 (1,210원/100g당)",
        "가격정책": "마마캣 회원등급 할인 상품",
        "유통기한": "2022.04.06.",
        "사료등급": "슈퍼프리미엄",
        "정상 소비자가": "55,000원",
        "마마캣 판매가": "48,430원",
        "가장 높은 회원등급 할인 적용시 구매가": "46,010원 (최대 2,420원 할인)",
        "원산지": "프랑스",
        "제조자 | 수입자": "Royal Canin, SA. | 로얄캐닌코리아",
        "사용 연령": "성묘용 (12개월 이상)",
        "100g 가격": "1,210원",
        "포장단위별 용량, 수량": "4kg",
        "법에 의한 인증 및 허가": "사료관리법에 따른 수입신고를 필함",
        "원료구성": "육분(닭, 칠면조, 오리), 옥수수, 밀글루텐, 분말셀룰로스, 동물성 지방(가금류), 동물성 유도단백질(닭, 칠면조), 쌀, 밀, 사탕무박, 옥수수 글루텐, 효모, 혼합광물질류 합제, 어유, 프락토올리고당, 대두유, 비타민A, 비타민D3, 철, 요오드, 구리, 망간, 아연 등",
        "성분구성": "조단백 35%이상, 조지방 10%이상, 칼슘 0.88%이상, 인 0.8%이상, 조섬유 7.2%이하, 조회분 9%이하, 수분 7%이하 *실제 상품에 적힌 정보에 기반한 내용이며 상세페이지와 약간 차이가 있을 수 있습니다.*",
        "현재 재고 수량": "2개",
        "소비자 상담 전화": "마마캣 고객센터 (1544-6141)",
        "제품 포장 유형": "통포장 (지퍼팩 있음)"
    },
    {
        "id": 352,
        "name": "로얄캐닌 캣 습식파우치 다이제스트 센서티브(그레이비) 85g × 12개",
        "image": "https://mamacat.co.kr/web/product/big/201910/f9caeb9e926d79350caf01a310d3610e.jpg",
        "가격정책": "마마캣 회원등급 할인 상품",
        "유통기한": "2022.10.29.",
        "정상 소비자가": "18,000원",
        "마마캣 판매가": "14,940원",
        "가장 높은 회원등급 할인 적용시 구매가": "14,200원 (최대 740원 할인)",
        "원산지": "오스트리아",
        "제조자 | 수입자": "Royal Canin, SA. | 로얄캐닌코리아",
        "사용 연령": "성묘용(12개월이상반려묘)",
        "100g 가격": "1,345원",
        "포장단위별 용량, 수량": "85g × 12개",
        "법에 의한 인증 및 허가": "사료관리법에 따른 수입신고를 필함",
        "원료구성": "닭고기,돼지고기,밀가루,돈육단백질,셀룰로오스,밀글루텐,천연향료,당류,압미노산(글리신,타우린,메타오닌)제올라이트,다당류점증제,미네랄(철,구리등),비타민(A,D3등),정제수",
        "성분구성": "조단백7.5%이상,조지방2%이상,칼슘0.1%이상,인0.04%이상,조섬유1.6%이하,조회분1.9%이하,수분83.5%이하",
        "현재 재고 수량": "14개",
        "소비자 상담 전화": "마마캣 고객센터 (1544-6141)"
    },
    {
        "id": 353,
        "name": "로얄캐닌 캣 습식파우치 다이제스트 센서티브(그레이비) 85g",
        "image": "https://mamacat.co.kr/web/product/big/201904/5a95cce956db783bf115b05b5c7b0f2d.jpg",
        "가격정책": "마마캣 회원등급 할인 상품",
        "유통기한": "2022.12.09.",
        "정상 소비자가": "1,500원",
        "마마캣 판매가": "1,280원",
        "가장 높은 회원등급 할인 적용시 구매가": "1,220원 (최대 60원 할인)",
        "원산지": "오스트리아",
        "제조자 | 수입자": "Royal Canin, SA. | 로얄캐닌코리아",
        "사용 연령": "성묘용(12개월이상반려묘)",
        "100g 가격": "1,506원",
        "포장단위별 용량, 수량": "85g",
        "법에 의한 인증 및 허가": "사료관리법에 따른 수입신고를 필함",
        "원료구성": "닭고기,돼지고기,밀가루,돈육단백질,셀룰로오스,밀글루텐,천연향료,당류,압미노산(글리신,타우린,메타오닌)제올라이트,다당류점증제,미네랄(철,구리등),비타민(A,D3등),정제수",
        "성분구성": "조단백7.5%이상,조지방2%이상,칼슘0.1%이상,인0.04%이상,조섬유1.6%이하,조회분1.9%이하,수분83.5%이하",
        "현재 재고 수량": "33개",
        "소비자 상담 전화": "마마캣 고객센터 (1544-6141)"
    },
    {
        "id": 354,
        "name": "로얄캐닌 캣 습식파우치 스테럴라이즈드(그레이비) 85g × 12개",
        "image": "https://mamacat.co.kr/web/product/big/201910/da3ab8600951c117436a472ac341c2d9.jpg",
        "가격정책": "마마캣 회원등급 할인 상품",
        "유통기한": "2022.12.04.",
        "정상 소비자가": "18,000원",
        "마마캣 판매가": "14,940원",
        "가장 높은 회원등급 할인 적용시 구매가": "14,200원 (최대 740원 할인)",
        "원산지": "오스트리아",
        "제조자 | 수입자": "Royal Canin, SA. | 로얄캐닌코리아",
        "사용 연령": "성묘용(12개월이상반려묘)",
        "100g 가격": "1,345원",
        "포장단위별 용량, 수량": "85g × 12개",
        "법에 의한 인증 및 허가": "사료관리법에 따른 수입신고를 필함",
        "원료구성": "닭고기,돼지고기,밀가루,셀룰로오스,돈육단백질,천연향료,밀 글루텐,당류,아미노산(글리신,타우린,메티오닌,L-카르니틴),다당류점증제,제올라이트,미네랄(철,구리등),비타민(A,D3등),정제수등",
        "성분구성": "조단백7.0%이상,조지방0.6%이상,칼슘0%이상,인0.02%이상,조섬유2.8%이하,조회분1.4%이하,수분84%이하",
        "현재 재고 수량": "1개",
        "소비자 상담 전화": "마마캣 고객센터 (1544-6141)"
    },
    {
        "id": 355,
        "name": "로얄캐닌 캣 습식파우치 스테럴라이즈드(그레이비) 85g",
        "image": "https://mamacat.co.kr/web/product/big/201906/d7cfea78c29c1cd749f7dcb511a0b66e.jpg",
        "가격정책": "마마캣 회원등급 할인 상품",
        "유통기한": "2022.12.04.",
        "정상 소비자가": "1,500원",
        "마마캣 판매가": "1,280원",
        "가장 높은 회원등급 할인 적용시 구매가": "1,220원 (최대 60원 할인)",
        "원산지": "오스트리아",
        "제조자 | 수입자": "Royal Canin, SA. | 로얄캐닌코리아",
        "사용 연령": "성묘용(12개월이상반려묘)",
        "100g 가격": "1,506원",
        "포장단위별 용량, 수량": "85g",
        "법에 의한 인증 및 허가": "사료관리법에 따른 수입신고를 필함",
        "원료구성": "닭고기,돼지고기,밀가루,셀룰로오스,돈육단백질,천연향료,밀 글루텐,당류,아미노산(글리신,타우린,메티오닌,L-카르니틴),다당류점증제,제올라이트,미네랄(철,구리등),비타민(A,D3등),정제수등",
        "성분구성": "조단백7.0%이상,조지방0.6%이상,칼슘0%이상,인0.02%이상,조섬유2.8%이하,조회분1.4%이하,수분84%이하",
        "현재 재고 수량": "11개",
        "소비자 상담 전화": "마마캣 고객센터 (1544-6141)"
    },
    {
        "id": 356,
        "name": "로얄캐닌 캣 습식파우치 울트라 라이트 (그레이비) 85g × 12개",
        "image": "https://mamacat.co.kr/web/product/big/201910/804b4fe85dacfd78052ee0597c73a982.jpg",
        "가격정책": "마마캣 회원등급 할인 상품",
        "유통기한": "2022.12.08.",
        "정상 소비자가": "18,000원",
        "마마캣 판매가": "14,940원",
        "가장 높은 회원등급 할인 적용시 구매가": "14,200원 (최대 740원 할인)",
        "원산지": "오스트리아",
        "제조자 | 수입자": "Royal Canin, SA. | 로얄캐닌코리아",
        "사용 연령": "성묘용(12개월이상 권장)",
        "100g 가격": "1,345원",
        "포장단위별 용량, 수량": "85g × 12개",
        "법에 의한 인증 및 허가": "사료관리법에 따른 수입신고를 필함",
        "원료구성": "닭고기,돼지고기,돈육단백질,쌀가루,셀룰로오스,밀 글루텐,쳔연향료,당류,아미노산(글리신,타우신,메타오닌,L-카르니틴),다당류점증제,미네랄(철,구리등),비타민(A,D3등),정제수",
        "성분구성": "조단백 8%이상, 조지방 0.5%이상, 조섬유 2.5%이하, 조회분 1.8%이하, 칼슘 0.11%이상, 인 0.05%이상, 수분85.8%이하",
        "현재 재고 수량": "62개",
        "소비자 상담 전화": "마마캣 고객센터 (1544-6141)"
    },
    {
        "id": 357,
        "name": "로얄캐닌 캣 습식파우치 울트라 라이트 (그레이비) 85g",
        "image": "https://mamacat.co.kr/web/product/big/201904/fd57cb0ad77557a9388579945f31edf2.jpg",
        "가격정책": "마마캣 회원등급 할인 상품",
        "유통기한": "2022.12.08.",
        "정상 소비자가": "1,500원",
        "마마캣 판매가": "1,280원",
        "가장 높은 회원등급 할인 적용시 구매가": "1,220원 (최대 60원 할인)",
        "원산지": "오스트리아",
        "제조자 | 수입자": "Royal Canin, SA. | 로얄캐닌코리아",
        "사용 연령": "성묘용(12개월이상 권장)",
        "100g 가격": "1,506원",
        "포장단위별 용량, 수량": "85g",
        "법에 의한 인증 및 허가": "사료관리법에 따른 수입신고를 필함",
        "원료구성": "닭고기,돼지고기,돈육단백질,쌀가루,셀룰로오스,밀 글루텐,쳔연향료,당류,아미노산(글리신,타우신,메타오닌,L-카르니틴),다당류점증제,미네랄(철,구리등),비타민(A,D3등),정제수",
        "성분구성": "조단백 8%이상, 조지방 0.5%이상, 조섬유 2.5%이하, 조회분 1.8%이하, 칼슘 0.11%이상, 인 0.05%이상, 수분85.8%이하",
        "현재 재고 수량": "17개",
        "소비자 상담 전화": "마마캣 고객센터 (1544-6141)"
    },
    {
        "id": 358,
        "name": "로얄캐닌 캣 습식파우치 유리너리(그레이비) 85g × 12개",
        "image": "https://mamacat.co.kr/web/product/big/201910/4ed562b00baa1caec3e8658168002c46.jpg",
        "가격정책": "마마캣 회원등급 할인 상품",
        "유통기한": "2022.12.09.",
        "정상 소비자가": "18,000원",
        "마마캣 판매가": "14,940원",
        "가장 높은 회원등급 할인 적용시 구매가": "14,200원 (최대 740원 할인)",
        "원산지": "오스트리아",
        "제조자 | 수입자": "Royal Canin, SA. | 로얄캐닌코리아",
        "사용 연령": "성묘용(12개월이상반려묘)",
        "100g 가격": "1,345원",
        "포장단위별 용량, 수량": "85g × 12개",
        "법에 의한 인증 및 허가": "사료관리법에 따른 수입신고를 필함",
        "원료구성": "육류(닭, 돼지), 소맥분, 분말셀룰로스, 카라멜, 천연착향료, 금잔화추출물, 아미노산합제, 카라기난, 혼합광물질류 합제, 비타민D3, 철, 요오드, 구리, 망간, 아연",
        "성분구성": "조단백질 9.2%, 조지방 3.0%, 조섬유 0.9%, 조회분 1.4%",
        "현재 재고 수량": "38개",
        "소비자 상담 전화": "마마캣 고객센터 (1544-6141)"
    },
    {
        "id": 359,
        "name": "로얄캐닌 캣 습식파우치 유리너리(그레이비) 85g",
        "image": "https://mamacat.co.kr/web/product/big/201904/0600088239a6cd2f1e6b09b9a834161c.jpg",
        "가격정책": "마마캣 회원등급 할인 상품",
        "유통기한": "2022.12.09.",
        "정상 소비자가": "1,500원",
        "마마캣 판매가": "1,280원",
        "가장 높은 회원등급 할인 적용시 구매가": "1,220원 (최대 60원 할인)",
        "원산지": "오스트리아",
        "제조자 | 수입자": "Royal Canin, SA. | 로얄캐닌코리아",
        "사용 연령": "성묘용(12개월이상반려묘)",
        "100g 가격": "1,506원",
        "포장단위별 용량, 수량": "85g",
        "법에 의한 인증 및 허가": "사료관리법에 따른 수입신고를 필함",
        "원료구성": "육류(닭, 돼지), 소맥분, 분말셀룰로스, 카라멜, 천연착향료, 금잔화추출물, 아미노산합제, 카라기난, 혼합광물질류 합제, 비타민D3, 철, 요오드, 구리, 망간, 아연",
        "성분구성": "조단백질 9.2%, 조지방 3.0%, 조섬유 0.9%, 조회분 1.4%",
        "현재 재고 수량": "33개",
        "소비자 상담 전화": "마마캣 고객센터 (1544-6141)"
    },
    {
        "id": 360,
        "name": "로얄캐닌 캣 습식파우치 인도어 +7(그레이비) 85g × 12개",
        "image": "https://mamacat.co.kr/web/product/big/202008/d7aefdfe9a96ebe5266ba3a01c99194c.jpg",
        "가격정책": "마마캣 회원등급 할인 상품",
        "유통기한": "2022.11.11.",
        "정상 소비자가": "18,000원",
        "마마캣 판매가": "14,940원",
        "가장 높은 회원등급 할인 적용시 구매가": "14,200원 (최대 740원 할인)",
        "원산지": "오스트리아",
        "제조자 | 수입자": "Royal Canin, SA. | 로얄캐닌코리아",
        "사용 연령": "노묘용 (7세 이상)",
        "100g 가격": "1,345원",
        "포장단위별 용량, 수량": "85g × 12개",
        "법에 의한 인증 및 허가": "사료관리법에 따른 수입신고를 필함",
        "원료구성": "육류 (닭, 돼지), 옥수수가루, 동물성 유도단백질 (돼지), 분말셀룰로스, 혼합광물질류 합제, 어유, 카라멜, 금잔화추출물, 글루코사민, 카라기난, 아미노산제 합제, 비타민D3, 철, 요오드, 구리, 망간, 아연, 제올라이트",
        "성분구성": "단백질 8.4%, 지방 0.8%, 조섬유 1.8%, 조회분 1.8%",
        "현재 재고 수량": "1개",
        "소비자 상담 전화": "마마캣 고객센터(1588-6141)",
        "제품 포장 유형": "비닐 파우치",
        "제품 보관방법": "직사광선이 없는 곳에 실온보관"
    },
    {
        "id": 361,
        "name": "로얄캐닌 캣 습식파우치 인도어 +7(그레이비) 85g",
        "image": "https://mamacat.co.kr/web/product/big/202008/0794809cf273cd9c599e76317ad7ea2a.jpg",
        "가격정책": "마마캣 회원등급 할인 상품",
        "유통기한": "2022.11.11.",
        "정상 소비자가": "1,500원",
        "마마캣 판매가": "1,280원",
        "가장 높은 회원등급 할인 적용시 구매가": "1,220원 (최대 60원 할인)",
        "원산지": "오스트리아",
        "제조자 | 수입자": "Royal Canin, SA. | 로얄캐닌코리아",
        "사용 연령": "노묘용 (7세 이상)",
        "100g 가격": "1,506원",
        "포장단위별 용량, 수량": "85g",
        "법에 의한 인증 및 허가": "사료관리법에 따른 수입신고를 필함",
        "원료구성": "육류 (닭, 돼지), 옥수수가루, 동물성 유도단백질 (돼지), 분말셀룰로스, 혼합광물질류 합제, 어유, 카라멜, 금잔화추출물, 글루코사민, 카라기난, 아미노산제 합제, 비타민D3, 철, 요오드, 구리, 망간, 아연, 제올라이트",
        "성분구성": "단백질 8.4%, 지방 0.8%, 조섬유 1.8%, 조회분 1.8%",
        "현재 재고 수량": "20개",
        "소비자 상담 전화": "마마캣 고객센터(1588-6141)",
        "제품 포장 유형": "비닐 파우치",
        "제품 보관방법": "직사광선이 없는 곳에 실온보관"
    },
    {
        "id": 362,
        "name": "로얄캐닌 캣 습식파우치 인도어 (그레이비) 85g × 12개",
        "image": "https://mamacat.co.kr/web/product/big/202008/16ef90004bf2017e14e19dc50c745fbd.jpg",
        "가격정책": "마마캣 회원등급 할인 상품",
        "유통기한": "2022.11.05.",
        "정상 소비자가": "18,000원",
        "마마캣 판매가": "14,940원",
        "가장 높은 회원등급 할인 적용시 구매가": "14,200원 (최대 740원 할인)",
        "원산지": "오스트리아",
        "제조자 | 수입자": "Royal Canin, SA. | 로얄캐닌코리아",
        "사용 연령": "성묘용 (12개월 이상)",
        "100g 가격": "1,345원",
        "포장단위별 용량, 수량": "85g × 12개",
        "법에 의한 인증 및 허가": "사료관리법에 따른 수입신고를 필함",
        "원료구성": "육류 (닭, 돼지), 옥수수가루, 분말셀룰로스, 옥수수전분, 동물성 유도단백질(돼지), 해바라기유, 어유, 혼합 광물질류 합제, 카라멜, 카라기난, 아미노산제 합제, 비타민 D3, 철, 요오드, 구리, 망간, 아연, 제올라이트",
        "성분구성": "단백질 7.7%, 지방 1.3%, 조섬유 1.9%, 조회분 2%",
        "현재 재고 수량": "30개",
        "소비자 상담 전화": "마마캣 고객센터(1588-6141)",
        "제품 포장 유형": "비닐 파우치",
        "제품 보관방법": "직사광선이 없는 곳에 실온보관"
    },
    {
        "id": 363,
        "name": "로얄캐닌 캣 습식파우치 인도어 (그레이비) 85g",
        "image": "https://mamacat.co.kr/web/product/big/202008/ea258447de028cf852709a9899011e23.jpg",
        "가격정책": "마마캣 회원등급 할인 상품",
        "유통기한": "2022.11.05.",
        "정상 소비자가": "1,500원",
        "마마캣 판매가": "1,280원",
        "가장 높은 회원등급 할인 적용시 구매가": "1,220원 (최대 60원 할인)",
        "원산지": "오스트리아",
        "제조자 | 수입자": "Royal Canin, SA. | 로얄캐닌코리아",
        "사용 연령": "성묘용 (12개월 이상)",
        "100g 가격": "1,506원",
        "포장단위별 용량, 수량": "85g",
        "법에 의한 인증 및 허가": "사료관리법에 따른 수입신고를 필함",
        "원료구성": "육류 (닭, 돼지), 옥수수가루, 분말셀룰로스, 옥수수전분, 동물성 유도단백질(돼지), 해바라기유, 어유, 혼합 광물질류 합제, 카라멜, 카라기난, 아미노산제 합제, 비타민 D3, 철, 요오드, 구리, 망간, 아연, 제올라이트",
        "성분구성": "단백질 7.7%, 지방 1.3%, 조섬유 1.9%, 조회분 2%",
        "현재 재고 수량": "26개",
        "소비자 상담 전화": "마마캣 고객센터(1588-6141)",
        "제품 포장 유형": "비닐 파우치",
        "제품 보관방법": "직사광선이 없는 곳에 실온보관"
    },
    {
        "id": 364,
        "name": "로얄캐닌 캣 습식파우치 인스틴티브+7 (그레이비) 85g × 12개",
        "image": "https://mamacat.co.kr/web/product/big/201910/fecb1a4f4a94c68c268f32a5349aaf80.jpg",
        "가격정책": "마마캣 회원등급 할인 상품",
        "유통기한": "2022.09.16.",
        "정상 소비자가": "18,000원",
        "마마캣 판매가": "14,940원",
        "가장 높은 회원등급 할인 적용시 구매가": "14,200원 (최대 740원 할인)",
        "원산지": "오스트리아",
        "제조자 | 수입자": "Royal Canin, SA. | 로얄캐닌코리아",
        "사용 연령": "7세 이상 노령묘",
        "100g 가격": "1,345원",
        "포장단위별 용량, 수량": "85g × 12개",
        "법에 의한 인증 및 허가": "사료관리법에 따른 수입신고를 필함",
        "원료구성": "닭고기,돼지고기,쌀가루,돈육단백질,밀글루텐,셀룰로오스,천연향료,당류,금잔화추출물(루테인의 주원료),가수분해연골(콘트로이틴의 원료),가수븐해갑각류(글루코사민의 원료),아미노산(글리신,타우린,메티오닌,L-카르니틴),다당류점증제,미네랄(철,구리등),비타민등",
        "성분구성": "조단백10.5%이상,조지방2.5%이상,칼슘0.17%이상,조섬유1.4%이하,조회분1.1%이하,수분82.5%이하",
        "현재 재고 수량": "43개",
        "소비자 상담 전화": "마마캣 고객센터 (1544-6141)"
    },
    {
        "id": 365,
        "name": "로얄캐닌 캣 습식파우치 인스틴티브+7 (그레이비) 85g",
        "image": "https://mamacat.co.kr/web/product/big/201904/d27a8d28578b616a881cac10be524280.jpg",
        "가격정책": "마마캣 회원등급 할인 상품",
        "유통기한": "2022.09.16.",
        "정상 소비자가": "1,500원",
        "마마캣 판매가": "1,280원",
        "가장 높은 회원등급 할인 적용시 구매가": "1,220원 (최대 60원 할인)",
        "원산지": "오스트리아",
        "제조자 | 수입자": "Royal Canin, SA. | 로얄캐닌코리아",
        "사용 연령": "7세 이상 노령묘",
        "100g 가격": "1,506원",
        "포장단위별 용량, 수량": "85g",
        "법에 의한 인증 및 허가": "사료관리법에 따른 수입신고를 필함",
        "원료구성": "닭고기,돼지고기,쌀가루,돈육단백질,밀글루텐,셀룰로오스,천연향료,당류,금잔화추출물(루테인의 주원료),가수분해연골(콘트로이틴의 원료),가수븐해갑각류(글루코사민의 원료),아미노산(글리신,타우린,메티오닌,L-카르니틴),다당류점증제,미네랄(철,구리등),비타민등",
        "성분구성": "조단백10.5%이상,조지방2.5%이상,칼슘0.17%이상,조섬유1.4%이하,조회분1.1%이하,수분82.5%이하",
        "현재 재고 수량": "31개",
        "소비자 상담 전화": "마마캣 고객센터 (1544-6141)"
    },
    {
        "id": 366,
        "name": "로얄캐닌 캣 습식파우치 인스팅티브 (그레이비) 85g × 12개",
        "image": "https://mamacat.co.kr/web/product/big/201910/b68aa95d4e4e2e08f80bd2cfba01ce3e.jpg",
        "가격정책": "마마캣 회원등급 할인 상품",
        "유통기한": "2022.12.12.",
        "정상 소비자가": "18,000원",
        "마마캣 판매가": "14,940원",
        "가장 높은 회원등급 할인 적용시 구매가": "14,200원 (최대 740원 할인)",
        "원산지": "오스트리아",
        "제조자 | 수입자": "Royal Canin, SA. | 로얄캐닌코리아",
        "사용 연령": "성묘용(12개월이상 권장)",
        "100g 가격": "1,345원",
        "포장단위별 용량, 수량": "85g × 12개",
        "법에 의한 인증 및 허가": "사료관리법에 따른 수입신고를 필함",
        "원료구성": "닭고기,돼지고기,연어,밀 글루텐,밀가루,가수분해가금간,옥수수전분,셀룰로오스,천연향료,당류,아미노산(글리신,타우린,메타오닌),다당류점증제,미네랄(철,구리등),비타민(A,D3등),정제수",
        "성분구성": "조단백10%이상,조지방0.8%이상,칼슘0.02%이상,조섬유1.9%이하,조회분1.7%이하,수분82.5%이하",
        "현재 재고 수량": "97개",
        "소비자 상담 전화": "마마캣 고객센터 (1544-6141)"
    },
    {
        "id": 367,
        "name": "로얄캐닌 캣 습식파우치 인스팅티브 (그레이비) 85g",
        "image": "https://mamacat.co.kr/web/product/big/201904/ed856f6af2fff5ee113bd05b1d454efb.jpg",
        "가격정책": "마마캣 회원등급 할인 상품",
        "유통기한": "2022.12.12.",
        "정상 소비자가": "1,500원",
        "마마캣 판매가": "1,280원",
        "가장 높은 회원등급 할인 적용시 구매가": "1,220원 (최대 60원 할인)",
        "원산지": "오스트리아",
        "제조자 | 수입자": "Royal Canin, SA. | 로얄캐닌코리아",
        "사용 연령": "성묘용(12개월이상 권장)",
        "100g 가격": "1,506원",
        "포장단위별 용량, 수량": "85g",
        "법에 의한 인증 및 허가": "사료관리법에 따른 수입신고를 필함",
        "원료구성": "닭고기,돼지고기,연어,밀 글루텐,밀가루,가수분해가금간,옥수수전분,셀룰로오스,천연향료,당류,아미노산(글리신,타우린,메타오닌),다당류점증제,미네랄(철,구리등),비타민(A,D3등),정제수",
        "성분구성": "조단백10%이상,조지방0.8%이상,칼슘0.02%이상,조섬유1.9%이하,조회분1.7%이하,수분82.5%이하",
        "현재 재고 수량": "39개",
        "소비자 상담 전화": "마마캣 고객센터 (1544-6141)"
    },
    {
        "id": 368,
        "name": "로얄캐닌 캣 습식파우치 인텐스 뷰티 케어 (그레이비) 85g × 12개",
        "image": "https://mamacat.co.kr/web/product/big/201910/778cb624f1cfdb83515484aeaedc5fcb.jpg",
        "가격정책": "마마캣 회원등급 할인 상품",
        "유통기한": "2022.12.18.",
        "정상 소비자가": "18,000원",
        "마마캣 판매가": "14,940원",
        "가장 높은 회원등급 할인 적용시 구매가": "14,200원 (최대 740원 할인)",
        "원산지": "오스트리아",
        "제조자 | 수입자": "Royal Canin, SA. | 로얄캐닌코리아",
        "사용 연령": "성묘용(12개월이상 권장)",
        "100g 가격": "1,345원",
        "포장단위별 용량, 수량": "85g × 12개",
        "법에 의한 인증 및 허가": "사료관리법에 따른 수입신고를 필함",
        "원료구성": "돼지고기,연어,돈육단백질,쌀가루,밀가루,밀글루텐,해바리기유(오메가6의 주원료),세룰로오스,옥수수전분,가수분해가금간,생선오일(오메가3의 주원료),천연향료,당류,아미노산(글리신,타우린,메티오닌),다당류점증제,미네랄(철,구리등)비타민(A,D3)등",
        "성분구성": "조단백10.0%이상,조지방1.7%이상,칼슘0.02%이상,인0.00%이상,조섬유2.2%이하,조회분1.5%이하,수분81%이하",
        "현재 재고 수량": "33개",
        "소비자 상담 전화": "마마캣 고객센터 (1544-6141)"
    },
    {
        "id": 369,
        "name": "로얄캐닌 캣 습식파우치 인텐스 뷰티 케어 (그레이비) 85g",
        "image": "https://mamacat.co.kr/web/product/big/201904/4302e2baf3645340ea2133e0d00215f9.jpg",
        "가격정책": "마마캣 회원등급 할인 상품",
        "유통기한": "2022.12.18.",
        "정상 소비자가": "1,500원",
        "마마캣 판매가": "1,280원",
        "가장 높은 회원등급 할인 적용시 구매가": "1,220원 (최대 60원 할인)",
        "원산지": "오스트리아",
        "제조자 | 수입자": "Royal Canin, SA. | 로얄캐닌코리아",
        "사용 연령": "성묘용(12개월이상 권장)",
        "100g 가격": "1,506원",
        "포장단위별 용량, 수량": "85g",
        "법에 의한 인증 및 허가": "사료관리법에 따른 수입신고를 필함",
        "원료구성": "돼지고기,연어,돈육단백질,쌀가루,밀가루,밀글루텐,해바리기유(오메가6의 주원료),세룰로오스,옥수수전분,가수분해가금간,생선오일(오메가3의 주원료),천연향료,당류,아미노산(글리신,타우린,메티오닌),다당류점증제,미네랄(철,구리등)비타민(A,D3)등",
        "성분구성": "조단백10.0%이상,조지방1.7%이상,칼슘0.02%이상,인0.00%이상,조섬유2.2%이하,조회분1.5%이하,수분81%이하",
        "현재 재고 수량": "8개",
        "소비자 상담 전화": "마마캣 고객센터 (1544-6141)"
    },
    {
        "id": 370,
        "name": "로얄캐닌 캣 습식파우치 키튼 (그레이비) 85g × 12개",
        "image": "https://mamacat.co.kr/web/product/big/201910/608c1ebc37636b54e81e4aa3bc6544f6.jpg",
        "가격정책": "마마캣 회원등급 할인 상품",
        "유통기한": "2023.01.13.",
        "정상 소비자가": "18,000원",
        "마마캣 판매가": "14,940원",
        "가장 높은 회원등급 할인 적용시 구매가": "14,200원 (최대 740원 할인)",
        "원산지": "오스트리아",
        "제조자 | 수입자": "Royal Canin, SA. | 로얄캐닌코리아",
        "사용 연령": "자묘용(12개월이만 권장)",
        "100g 가격": "1,345원",
        "포장단위별 용량, 수량": "85g × 12개",
        "법에 의한 인증 및 허가": "사료관리법에 따른 수입신고를 필함",
        "원료구성": "닭고기,돼지고기,밀 글루텐,돈육단백질,쌀가루,옥수수전분,셀룰로오스,해바라기유,샌선오일,천연향료,효모추출물(만난 올리고당의 주원료),당류,금잔화추출물(루테인의 주원료),베타카로틴,아미노산(글리신,타우린,메티오닌,L-카르니틴),다당류점증제,미네랄(철,구리등",
        "성분구성": "조단백 10%이상,조지방2%이상,칼슘0.11%이상,인0.05%이상,조섬유1.9%이하,조회분2%이하,수분81%이하",
        "현재 재고 수량": "12개",
        "소비자 상담 전화": "마마캣 고객센터 (1544-6141)"
    },
    {
        "id": 371,
        "name": "로얄캐닌 캣 습식파우치 키튼 (그레이비) 85g",
        "image": "https://mamacat.co.kr/web/product/big/201911/cee692079b96d3da78a352145ee780ad.jpg",
        "가격정책": "마마캣 회원등급 할인 상품",
        "유통기한": "2023.01.13.",
        "정상 소비자가": "1,500원",
        "마마캣 판매가": "1,280원",
        "가장 높은 회원등급 할인 적용시 구매가": "1,220원 (최대 60원 할인)",
        "원산지": "오스트리아",
        "제조자 | 수입자": "Royal Canin, SA. | 로얄캐닌코리아",
        "사용 연령": "자묘용(12개월이만 권장)",
        "100g 가격": "1,506원",
        "포장단위별 용량, 수량": "85g",
        "법에 의한 인증 및 허가": "사료관리법에 따른 수입신고를 필함",
        "원료구성": "닭고기,돼지고기,밀 글루텐,돈육단백질,쌀가루,옥수수전분,셀룰로오스,해바라기유,샌선오일,천연향료,효모추출물(만난 올리고당의 주원료),당류,금잔화추출물(루테인의 주원료),베타카로틴,아미노산(글리신,타우린,메티오닌,L-카르니틴),다당류점증제,미네랄(철,구리등",
        "성분구성": "조단백 10%이상,조지방2%이상,칼슘0.11%이상,인0.05%이상,조섬유1.9%이하,조회분2%이하,수분81%이하",
        "현재 재고 수량": "61개",
        "소비자 상담 전화": "마마캣 고객센터 (1544-6141)"
    },
    {
        "id": 372,
        "name": "로얄캐닌 캣 습식파우치 헤어볼 (그레이비) 85g × 12개",
        "image": "https://mamacat.co.kr/web/product/big/202008/4f4dc1c810b221831f141870cec2e9e1.jpg",
        "가격정책": "마마캣 회원등급 할인 상품",
        "유통기한": "2022.11.17.",
        "정상 소비자가": "18,000원",
        "마마캣 판매가": "14,940원",
        "가장 높은 회원등급 할인 적용시 구매가": "14,200원 (최대 740원 할인)",
        "원산지": "오스트리아",
        "제조자 | 수입자": "Royal Canin, SA. | 로얄캐닌코리아",
        "사용 연령": "성묘용 (12개월 이상)",
        "100g 가격": "1,345원",
        "포장단위별 용량, 수량": "85g × 12개",
        "법에 의한 인증 및 허가": "사료관리법에 따른 수입신고를 필함",
        "원료구성": "육류 (닭, 돼지, 옥수수가루, 쌀가루, 분말셀룰로스, 옥수수글루텐, 해바라기유, 카라멜, 가수분해 효모(만난 올리고당의 원료), 차전자피, 혼합광물질류 합제, 비타민 D3, 철, 요오드, 구리, 망간, 아연, 제올라이트",
        "성분구성": "단백질 5%, 지방 0.7%, 조섬유 2%, 조회분 1.8%",
        "현재 재고 수량": "6개",
        "소비자 상담 전화": "마마캣 고객센터(1588-6141)",
        "제품 포장 유형": "비닐 파우치",
        "제품 보관방법": "직사광선이 없는 곳에 실온보관"
    },
    {
        "id": 373,
        "name": "로얄캐닌 캣 습식파우치 헤어볼 (그레이비) 85g",
        "image": "https://mamacat.co.kr/web/product/big/202008/b64e3cdbc22bedc8287082f85b0325ae.jpg",
        "가격정책": "마마캣 회원등급 할인 상품",
        "유통기한": "2022.11.17.",
        "정상 소비자가": "1,500원",
        "마마캣 판매가": "1,280원",
        "가장 높은 회원등급 할인 적용시 구매가": "1,220원 (최대 60원 할인)",
        "원산지": "오스트리아",
        "제조자 | 수입자": "Royal Canin, SA. | 로얄캐닌코리아",
        "사용 연령": "성묘용 (12개월 이상)",
        "100g 가격": "1,506원",
        "포장단위별 용량, 수량": "85g",
        "법에 의한 인증 및 허가": "사료관리법에 따른 수입신고를 필함",
        "원료구성": "육류 (닭, 돼지, 옥수수가루, 쌀가루, 분말셀룰로스, 옥수수글루텐, 해바라기유, 카라멜, 가수분해 효모(만난 올리고당의 원료), 차전자피, 혼합광물질류 합제, 비타민 D3, 철, 요오드, 구리, 망간, 아연, 제올라이트",
        "성분구성": "단백질 5%, 지방 0.7%, 조섬유 2%, 조회분 1.8%",
        "현재 재고 수량": "1개",
        "소비자 상담 전화": "마마캣 고객센터(1588-6141)",
        "제품 포장 유형": "비닐 파우치",
        "제품 보관방법": "직사광선이 없는 곳에 실온보관"
    },
    {
        "id": 374,
        "name": "로얄캐닌 캣 아로마 엑시전트 4kg",
        "image": "https://mamacat.co.kr/web/product/big/20191118/fc8f3009c3dcb13d6c3d53e2ff8cbd5a.jpg",
        "상품 간략설명": "성묘용 | 슈퍼프리미엄 (1,210원/100g당)",
        "가격정책": "마마캣 회원등급 할인 상품",
        "유통기한": "2022.06.16.",
        "사료등급": "슈퍼프리미엄",
        "정상 소비자가": "54,000원",
        "마마캣 판매가": "48,430원",
        "가장 높은 회원등급 할인 적용시 구매가": "46,010원 (최대 2,420원 할인)",
        "원산지": "대한민국",
        "제조자 | 수입자": "Royal Canin, SA. | 로얄캐닌코리아",
        "사용 연령": "성묘용 (12개월 이상)",
        "100g 가격": "1210원",
        "포장단위별 용량, 수량": "4kg",
        "법에 의한 인증 및 허가": "사료관리법에 따른 수입신고를 필함",
        "원료구성": "옥수수, 어분, 동물성 지방(가금류), 밀, 육분(닭, 칠면조, 오리), 옥수수 글루텐, 밀 글루텐, 동물성 유도단백질(닭, 칠면조), 옥수수 분말, 분말셀룰로스, 혼합광물질류합제, 사탕무박, 효모, 대두유, 어유, 보리지유, 비타민A, 비타민D3, 철, 요오드, 구리, 망간 등",
        "성분구성": "조단백 31%이상, 조지방 13%이상, 칼슘 0.94%이상, 인 0.85%이상, 조섬유 4.3%이하, 조회분 9%이하, 수분 7%이하 *실제 상품에 적힌 정보에 기반한 내용이며 상세페이지와 약간 차이가 있을 수 있습니다.*",
        "현재 재고 수량": "2개",
        "소비자 상담 전화": "마마캣 고객센터 (1544-6141)",
        "제품 포장 유형": "지퍼"
    },
    {
        "id": 375,
        "name": "로얄캐닌 캣 어덜트 핏 10kg",
        "image": "https://mamacat.co.kr/web/product/big/20191118/5359bc208e6d07cd8a2da56af6ebf039.jpg",
        "상품 간략설명": "성묘용 | 슈퍼프리미엄 (928원/100g당)",
        "가격정책": "마마캣 회원등급 할인 상품",
        "유통기한": "2022.08.27.",
        "사료등급": "슈퍼프리미엄",
        "정상 소비자가": "94,000원",
        "마마캣 판매가": "92,870원",
        "가장 높은 회원등급 할인 적용시 구매가": "88,230원 (최대 4,640원 할인)",
        "원산지": "대한민국",
        "제조자 | 수입자": "로얄캐닌코리아",
        "사용 연령": "성묘용 (12개월 이상)",
        "100g 가격": "928원",
        "포장단위별 용량, 수량": "10kg",
        "법에 의한 인증 및 허가": "사료관리법에 따른 수입신고를 필함",
        "원료구성": "탈수 가금 단백질(닭, 칠면조 등), 쌀, 소맥분, 식물성 단백질 분리물(밀), 옥수수, 동물성 지방(가금류), 가수분해 동물성 단백질(가금류 등), 분말셀룰로스, 미네랄, 효모, 옥수수 글루텐, 사탕무박, 대두유, 생선 오일, 차전자피, 만난올리고당, 금잔화추출물",
        "성분구성": "조단백 30%이상, 조지방 13%이상, 조회분 8.4%이하, 조섬유 5.3%이하, 칼슘 0.93%이상, 인 0.85%이상, 수분 7.0%이하 *실제 상품에 적힌 정보에 기반한 내용이며 상세페이지와 약간 차이가 있을 수 있습니다.*",
        "현재 재고 수량": "23개",
        "소비자 상담 전화": "마마캣 고객센터 (1544-6141)",
        "제품 포장 유형": "통포장 (지퍼 없음)"
    },
    {
        "id": 376,
        "name": "로얄캐닌 캣 어덜트 핏 4kg",
        "image": "https://mamacat.co.kr/web/product/big/20191118/a84c87d05de1f8d706e75f33bd5ac512.jpg",
        "상품 간략설명": "성묘용 | 슈퍼프리미엄 (1,109원/100g당)",
        "가격정책": "마마캣 회원등급 할인 상품",
        "유통기한": "2022.07.25.",
        "사료등급": "슈퍼프리미엄",
        "정상 소비자가": "49,000원",
        "마마캣 판매가": "44,390원",
        "가장 높은 회원등급 할인 적용시 구매가": "42,180원 (최대 2,210원 할인)",
        "원산지": "대한민국",
        "제조자 | 수입자": "로얄캐닌코리아",
        "사용 연령": "성묘용 (12개월 이상)",
        "100g 가격": "1,109원",
        "포장단위별 용량, 수량": "4kg",
        "법에 의한 인증 및 허가": "사료관리법에 따른 수입신고를 필함",
        "원료구성": "탈수 가금 단백질(닭, 칠면조 등), 쌀, 소맥분, 식물성 단백질 분리물(밀), 옥수수, 동물성 지방(가금류), 가수분해 동물성 단백질(가금류 등), 분말셀룰로스, 미네랄, 효모, 옥수수 글루텐, 사탕무박, 대두유, 생선 오일, 차전자피, 만난올리고당, 금잔화추출물",
        "성분구성": "조단백 30%이상, 조지방 13%이상, 조회분 8.4%이하, 조섬유 5.3%이하, 칼슘 0.93%이상, 인 0.85%이상, 수분 7.0%이하 *실제 상품에 적힌 정보에 기반한 내용이며 상세페이지와 약간 차이가 있을 수 있습니다.*",
        "현재 재고 수량": "31개",
        "소비자 상담 전화": "마마캣 고객센터 (1544-6141)",
        "제품 포장 유형": "통포장 (지퍼팩 있음)"
    },
    {
        "id": 377,
        "name": "로얄캐닌 캣 에이징 12+ 4kg",
        "image": "https://mamacat.co.kr/web/product/big/20191118/23a4572cdc267f74be9fff74fc03a087.jpg",
        "상품 간략설명": "노묘용 | 슈퍼프리미엄 (1,210원/100g당)",
        "가격정책": "마마캣 회원등급 할인 상품",
        "유통기한": "2022.07.08.",
        "사료등급": "슈퍼프리미엄",
        "정상 소비자가": "55,000원",
        "마마캣 판매가": "48,430원",
        "가장 높은 회원등급 할인 적용시 구매가": "46,010원 (최대 2,420원 할인)",
        "원산지": "프랑스",
        "제조자 | 수입자": "Royal Canin, SA. | 로얄캐닌코리아",
        "사용 연령": "노묘용 (12세 이상)",
        "100g 가격": "1,210원",
        "포장단위별 용량, 수량": "4kg",
        "법에 의한 인증 및 허가": "사료관리법에 따른 수입신고를 필함",
        "원료구성": "밀 글루텐, 소맥분, 동물성 지방(닭, 칠면조, 오리 및 돼지), 육분(닭, 오리, 칠면조), 쌀, 옥수수, 분말셀룰로스, 동물성 유도단백질(닭, 칠면조), 치커리 펄프, 혼합광물질류 합제, 어유, 대두유, 효모, 토마토, 가수분해효모, 글루코사민, 보리지유 등",
        "성분구성": "조단백 28%이상, 조지방 17%이상, 칼슘 0.55%이상, 인 0.4%이상, 조섬유 5.4%이하, 조회분 5.8%이하, 수분 7%이하 *실제 상품에 적힌 정보에 기반한 내용이며 상세페이지와 약간 차이가 있을 수 있습니다.*",
        "현재 재고 수량": "14개",
        "소비자 상담 전화": "마마캣 고객센터 (1544-6141)",
        "제품 포장 유형": "통포장 (지퍼팩 있음)"
    },
    {
        "id": 378,
        "name": "로얄캐닌 캣 오랄 케어 3.5kg",
        "image": "https://mamacat.co.kr/web/product/big/20191118/127d7f47e0ba6dabccc65900bc56a948.jpg",
        "상품 간략설명": "성묘용 | 슈퍼프리미엄 (1198원/100g당)",
        "가격정책": "마마캣 회원등급 할인 상품",
        "유통기한": "2022.09.05.",
        "사료등급": "슈퍼프리미엄",
        "정상 소비자가": "49,000원",
        "마마캣 판매가": "41,920원",
        "가장 높은 회원등급 할인 적용시 구매가": "39,830원 (최대 2,090원 할인)",
        "원산지": "대한민국",
        "제조자 | 수입자": "Royal Canin, SA. | 로얄캐닌코리아",
        "사용 연령": "성묘용 (12개월 이상)",
        "100g 가격": "1198원",
        "포장단위별 용량, 수량": "3.5kg",
        "법에 의한 인증 및 허가": "사료관리법에 따른 수입신고를 필함",
        "원료구성": "육분(닭, 오리), 옥수수, 쌀, 밀 글루텐, 동물성 지방(닭, 오리), 분말셀룰로스, 동물성 유도단백질(닭), 밀, 옥수수 글루텐, 혼합광물질류 합제, 사탕무박, 어유, 대두유, 프락토올리고당, 차전자피",
        "성분구성": "조단백 28%이상, 조지방 13%이상, 칼슘 0.880%이상, 인 0.760%이상, 조회분 7.8%이하, 조섬유 6.3%이하, 수분 9%이하 *실제 상품에 적힌 정보에 기반한 내용이며 상세페이지와 약간 차이가 있을 수 있습니다.*",
        "현재 재고 수량": "25개",
        "소비자 상담 전화": "마마캣 고객센터 (1544-6141)",
        "제품 포장 유형": "통포장 (지퍼팩 있음)"
    },
    {
        "id": 379,
        "name": "로얄캐닌 캣 오랄 케어 8kg",
        "image": "https://mamacat.co.kr/web/product/big/20191118/f9d6bab0903765a28a68cea5d65f912a.jpg",
        "상품 간략설명": "성묘용 | 슈퍼프리미엄 (1,117원/100g당)",
        "가격정책": "마마캣 회원등급 할인 상품",
        "유통기한": "2022.09.05.",
        "사료등급": "슈퍼프리미엄",
        "정상 소비자가": "89,000원",
        "마마캣 판매가": "89,430원",
        "가장 높은 회원등급 할인 적용시 구매가": "84,960원 (최대 4,470원 할인)",
        "원산지": "대한민국",
        "제조자 | 수입자": "Royal Canin, SA. | 로얄캐닌코리아",
        "사용 연령": "성묘용 (12개월 이상)",
        "100g 가격": "1,117원",
        "포장단위별 용량, 수량": "8kg",
        "법에 의한 인증 및 허가": "사료관리법에 따른 수입신고를 필함",
        "원료구성": "육분(닭, 오리), 옥수수, 쌀, 밀 글루텐, 동물성 지방(닭, 오리), 분말셀룰로스, 동물성 유도단백질(닭), 밀, 옥수수 글루텐, 혼합광물질류 합제, 사탕무박, 어유, 대두유, 프락토올리고당, 차전자피",
        "성분구성": "조단백 28%이상, 조지방 13%이상, 칼슘 0.880%이상, 인 0.760%이상, 조회분 7.8%이하, 조섬유 6.3%이하, 수분 9%이하 *실제 상품에 적힌 정보에 기반한 내용이며 상세페이지와 약간 차이가 있을 수 있습니다.*",
        "현재 재고 수량": "3개",
        "소비자 상담 전화": "마마캣 고객센터 (1544-6141)",
        "제품 포장 유형": "통포장 (지퍼 없음)"
    },
    {
        "id": 380,
        "name": "로얄캐닌 캣 유리너리 케어 10kg",
        "image": "https://mamacat.co.kr/web/product/big/20191118/5eb23273601039f2d84462278e2a28df.jpg",
        "상품 간략설명": "성묘용 | 슈퍼프리미엄 (1,048원/100g당)",
        "가격정책": "마마캣 회원등급 할인 상품",
        "유통기한": "2022.09.10.",
        "사료등급": "슈퍼프리미엄",
        "정상 소비자가": "105,000원",
        "마마캣 판매가": "104,830원",
        "가장 높은 회원등급 할인 적용시 구매가": "99,590원 (최대 5,240원 할인)",
        "원산지": "대한민국",
        "제조자 | 수입자": "Royal Canin, SA. | 로얄캐닌코리아",
        "사용 연령": "성묘용 (12개월 이상)",
        "100g 가격": "1,048원",
        "포장단위별 용량, 수량": "10kg",
        "법에 의한 인증 및 허가": "사료관리법에 따른 수입신고를 필함",
        "원료구성": "옥수수, 식물성 단백질 분리물(밀), 탈수 가금 단백질(닭, 칠면조 등), 쌀, 분말셀룰로스, 동물성 지방(가금류), 가수분해 동물성 단백질(가금류 등), 소맥분, 옥수수 글루텐, 미네랄, 사탕무박, 효모, 대두유, 생선 오일, 금잔화 추출물",
        "성분구성": "조단백 31.0%이상, 조지방 11.0%이상, 칼슘 0.782%이상, 인 0.608이상, 조회분 7.4%이하, 조섬유 6.0%이하, 수분 6.5%이하 *실제 상품에 적힌 정보에 기반한 내용이며 상세페이지와 약간 차이가 있을 수 있습니다.*",
        "현재 재고 수량": "7개",
        "소비자 상담 전화": "마마캣 고객센터 (1544-6141)",
        "제품 포장 유형": "통포장 (지퍼 없음)"
    },
    {
        "id": 381,
        "name": "로얄캐닌 캣 유리너리 케어 4kg",
        "image": "https://mamacat.co.kr/web/product/big/20191118/80820dfd7efda32eddf7ff7352b54930.jpg",
        "상품 간략설명": "성묘용 | 슈퍼프리미엄 (1,210원/100g당)",
        "가격정책": "마마캣 회원등급 할인 상품",
        "유통기한": "2022.09.01.",
        "사료등급": "슈퍼프리미엄",
        "정상 소비자가": "54,000원",
        "마마캣 판매가": "48,430원",
        "가장 높은 회원등급 할인 적용시 구매가": "46,010원 (최대 2,420원 할인)",
        "원산지": "대한민국",
        "제조자 | 수입자": "Royal Canin, SA. | 로얄캐닌코리아",
        "사용 연령": "성묘용 (12개월 이상)",
        "100g 가격": "1,210원",
        "포장단위별 용량, 수량": "4kg",
        "법에 의한 인증 및 허가": "사료관리법에 따른 수입신고를 필함",
        "원료구성": "옥수수, 식물성 단백질 분리물(밀), 탈수 가금 단백질(닭, 칠면조 등), 쌀, 분말셀룰로스, 동물성 지방(가금류), 가수분해 동물성 단백질(가금류 등), 소맥분, 옥수수 글루텐, 미네랄, 사탕무박, 효모, 대두유, 생선 오일, 금잔화 추출물",
        "성분구성": "조단백 31.0%이상, 조지방 11.0%이상, 칼슘 0.782%이상, 인 0.608이상, 조회분 7.4%이하, 조섬유 6.0%이하, 수분 6.5%이하 *실제 상품에 적힌 정보에 기반한 내용이며 상세페이지와 약간 차이가 있을 수 있습니다.*",
        "현재 재고 수량": "11개",
        "소비자 상담 전화": "마마캣 고객센터 (1544-6141)",
        "제품 포장 유형": "통포장 (지퍼팩 있음)"
    },
    {
        "id": 382,
        "name": "로얄캐닌 캣 인도어 10kg",
        "image": "https://mamacat.co.kr/web/product/big/20191118/3ca135ed83a369c76e19d650e15a9526.jpg",
        "상품 간략설명": "성묘용 | 슈퍼프리미엄 (1,048원/100g당)",
        "가격정책": "마마캣 회원등급 할인 상품",
        "유통기한": "2022.12.02.",
        "사료등급": "슈퍼프리미엄",
        "정상 소비자가": "105,000원",
        "마마캣 판매가": "104,830원",
        "가장 높은 회원등급 할인 적용시 구매가": "99,590원 (최대 5,240원 할인)",
        "원산지": "대한민국",
        "제조자 | 수입자": "로얄캐닌코리아",
        "사용 연령": "성묘용 (12개월 이상)",
        "100g 가격": "1,048원",
        "포장단위별 용량, 수량": "10kg",
        "법에 의한 인증 및 허가": "사료관리법에 따른 수입신고를 필함",
        "원료구성": "소맥분, 쌀, 식물성 단백질 분리물(밀), 탈수 가금 단백질(닭, 칠면조 등), 옥수수, 동물성 지방(가금류), 가수분해 동물성 단백질(가금류 등), 분말셀룰로스, 미네랄, 사탕무박, 대두유, 효모, 생선오일, 트락토올리고당, 차전자피, L-카르니틴",
        "성분구성": "조단백 25.0%이상, 조지방 17.0%이상, 조회분 8.4%이하, 조섬유 4.8%이하, 칼슘 0.88%이상, 인 0.65%이상, 수분 7.0%이하 *실제 상품에 적힌 정보에 기반한 내용이며 상세페이지와 약간 차이가 있을 수 있습니다.*",
        "현재 재고 수량": "37개",
        "소비자 상담 전화": "마마캣 고객센터 (1544-6141)",
        "제품 포장 유형": "통포장 (지퍼 없음)"
    },
    {
        "id": 383,
        "name": "로얄캐닌 캣 인도어 4kg",
        "image": "https://mamacat.co.kr/web/product/big/20191118/4d35171126604ae2f300600e3a2a0c48.jpg",
        "상품 간략설명": "성묘용 | 슈퍼프리미엄 (1,210원/100g당)",
        "가격정책": "마마캣 회원등급 할인 상품",
        "유통기한": "2022.09.16.",
        "사료등급": "슈퍼프리미엄",
        "정상 소비자가": "54,000원",
        "마마캣 판매가": "48,430원",
        "가장 높은 회원등급 할인 적용시 구매가": "46,010원 (최대 2,420원 할인)",
        "원산지": "대한민국",
        "제조자 | 수입자": "로얄캐닌코리아",
        "사용 연령": "성묘용 (12개월 이상)",
        "100g 가격": "1,210원",
        "포장단위별 용량, 수량": "4kg",
        "법에 의한 인증 및 허가": "사료관리법에 따른 수입신고를 필함",
        "원료구성": "소맥분, 쌀, 식물성 단백질 분리물(밀), 탈수 가금 단백질(닭, 칠면조 등), 옥수수, 동물성 지방(가금류), 가수분해 동물성 단백질(가금류 등), 분말셀룰로스, 미네랄, 사탕무박, 대두유, 효모, 생선오일, 트락토올리고당, 차전자피, L-카르니틴",
        "성분구성": "조단백 25.0%이상, 조지방 17.0%이상, 조회분 8.4%이하, 조섬유 4.8%이하, 칼슘 0.88%이상, 인 0.65%이상, 수분 7.0%이하 *실제 상품에 적힌 정보에 기반한 내용이며 상세페이지와 약간 차이가 있을 수 있습니다.*",
        "현재 재고 수량": "66개",
        "소비자 상담 전화": "마마캣 고객센터 (1544-6141)",
        "제품 포장 유형": "통포장 (지퍼팩 있음)"
    },
    {
        "id": 384,
        "name": "로얄캐닌 캣 인도어 7+ 3.5kg",
        "image": "https://mamacat.co.kr/web/product/big/20191118/7de1f52fb605bc0e2f6a8a50d810c3f3.jpg",
        "상품 간략설명": "노묘용 | 슈퍼프리미엄 (1198원/100g당)",
        "가격정책": "마마캣 회원등급 할인 상품",
        "유통기한": "2022.11.18.",
        "사료등급": "슈퍼프리미엄",
        "정상 소비자가": "49,000원",
        "마마캣 판매가": "41,920원",
        "가장 높은 회원등급 할인 적용시 구매가": "39,830원 (최대 2,090원 할인)",
        "원산지": "대한민국",
        "제조자 | 수입자": "Royal Canin, SA. | 로얄캐닌코리아",
        "사용 연령": "노묘용 (7세 이상)",
        "100g 가격": "1198원",
        "포장단위별 용량, 수량": "3.5kg",
        "법에 의한 인증 및 허가": "사료관리법에 따른 수입신고를 필함",
        "원료구성": "옥수수, 육분(닭, 오리), 밀, 밀 글루텐, 보리, 옥수수 글루텐, 동물성 유도단백질(닭), 동물성 지방(닭, 오리), 분말셀룰로스, 사탕무박, 혼합광물질류 합제, 효모, 대두유, 어유, 차전자피, 프락토올리고당, 글루코사민, 금잔화추출물, L-카르니틴, 뮤코다당단백",
        "성분구성": "조단백 25.0%이상, 조지방 11.0%이상, 칼슘 0.728%이상, 인 0.590%이상, 조회분 7.7%이하, 조섬유 4.6%이하, 수분 6.5%이하 *실제 상품에 적힌 정보에 기반한 내용이며 상세페이지와 약간 차이가 있을 수 있습니다.*",
        "현재 재고 수량": "품절",
        "소비자 상담 전화": "마마캣 고객센터 (1544-6141)",
        "제품 포장 유형": "통포장 (지퍼팩 있음)"
    },
    {
        "id": 385,
        "name": "로얄캐닌 캣 인도어 롱헤어 10kg",
        "image": "https://mamacat.co.kr/web/product/big/20191118/5fbfab64d4cfcad0e13e79c700193ddb.jpg",
        "상품 간략설명": "성묘용 | 슈퍼프리미엄 (1,048원/100g당)",
        "가격정책": "마마캣 회원등급 할인 상품",
        "유통기한": "2022.06.06.",
        "사료등급": "슈퍼프리미엄",
        "정상 소비자가": "105,000원",
        "마마캣 판매가": "104,830원",
        "가장 높은 회원등급 할인 적용시 구매가": "99,590원 (최대 5,240원 할인)",
        "원산지": "대한민국",
        "제조자 | 수입자": "Royal Canin, SA. | 로얄캐닌코리아",
        "사용 연령": "성묘용 (12개월 이상)",
        "100g 가격": "1,048원",
        "포장단위별 용량, 수량": "10kg",
        "법에 의한 인증 및 허가": "사료관리법에 따른 수입신고를 필함",
        "원료구성": "육분(닭, 칠면조, 오리), 옥수수, 쌀, 밀 글루텐, 밀, 동물성 지방(가금류), 동물성 유도단백질(닭, 칠면조), 소맥분, 분말셀룰로스, 대두유, 사탕무박, 혼합광물질류 합제, 효모, 어유, 프락토올리고당, 차전자피, 보리지유, 비타민A, 비타민D3, 철, 요오드 등",
        "성분구성": "조단백 28.0%이상, 조지방 13.0%이상, 칼슘 0.88%이상, 인 0.84%이상, 조섬유 5.1%이하, 조회분 8.9%이하, 수분 7.0%이하 *실제 상품에 적힌 정보에 기반한 내용이며 상세페이지와 약간 차이가 있을 수 있습니다.*",
        "현재 재고 수량": "4개",
        "소비자 상담 전화": "마마캣 고객센터 (1544-6141)",
        "제품 포장 유형": "통포장 (지퍼 없음)"
    },
    {
        "id": 386,
        "name": "로얄캐닌 캣 인도어 롱헤어 4kg",
        "image": "https://mamacat.co.kr/web/product/big/20191118/a73392c6fa36219d21ea803bcd59a8d5.jpg",
        "상품 간략설명": "성묘용 | 슈퍼프리미엄 (1,210원/100g당)",
        "가격정책": "마마캣 회원등급 할인 상품",
        "유통기한": "2022.05.31.",
        "사료등급": "슈퍼프리미엄",
        "정상 소비자가": "54,000원",
        "마마캣 판매가": "48,430원",
        "가장 높은 회원등급 할인 적용시 구매가": "46,010원 (최대 2,420원 할인)",
        "원산지": "프랑스",
        "제조자 | 수입자": "Royal Canin, SA. | 로얄캐닌코리아",
        "사용 연령": "성묘용 (12개월 이상)",
        "100g 가격": "1,210원",
        "포장단위별 용량, 수량": "4kg",
        "법에 의한 인증 및 허가": "사료관리법에 따른 수입신고를 필함",
        "원료구성": "육분(닭, 칠면조, 오리), 옥수수, 쌀, 밀 글루텐, 밀, 동물성 지방(가금류), 동물성 유도단백질(닭, 칠면조), 소맥분, 분말셀룰로스, 대두유, 사탕무박, 혼합광물질류 합제, 효모, 어유, 프락토올리고당, 차전자피, 보리지유, 비타민A, 비타민D3, 철, 요오드 등",
        "성분구성": "조단백 28.0%이상, 조지방 13.0%이상, 칼슘 0.88%이상, 인 0.84%이상, 조섬유 5.1%이하, 조회분 8.9%이하, 수분 7.0%이하 *실제 상품에 적힌 정보에 기반한 내용이며 상세페이지와 약간 차이가 있을 수 있습니다.*",
        "현재 재고 수량": "25개",
        "소비자 상담 전화": "마마캣 고객센터 (1544-6141)",
        "제품 포장 유형": "통포장 (지퍼팩 있음)"
    },
    {
        "id": 387,
        "name": "로얄캐닌 캣 젤리파우치 스테럴라이즈드 85g × 12개",
        "image": "https://mamacat.co.kr/web/product/big/201910/d2f1780d98cb6fdf3ff2cf9d850eb098.jpg",
        "가격정책": "마마캣 회원등급 할인 상품",
        "유통기한": "2022.10.14.",
        "정상 소비자가": "18,000원",
        "마마캣 판매가": "14,940원",
        "가장 높은 회원등급 할인 적용시 구매가": "14,200원 (최대 740원 할인)",
        "원산지": "오스트리아",
        "제조자 | 수입자": "Royal Canin, SA. | 로얄캐닌코리아",
        "사용 연령": "성묘용(12개월이상 권장)",
        "100g 가격": "1,345원",
        "포장단위별 용량, 수량": "85g × 12개",
        "법에 의한 인증 및 허가": "사료관리법에 따른 수입신고를 필함",
        "원료구성": "닭고기, 돼지고기, 돈육단백질, 쌀가루, 밀가루, 밀글루텐, 셀룰로오스, 천연향료, 당류, 아미노산, 다당류 점증제, 제올라이트, 비타민 및 미네랄, 정제수",
        "성분구성": "조단백 9.0%, 조지방 2.6%, 조섬유 1.8%, 조회분 1.3%, 칼슘 0.2%, 인 0.22%, 타우린 0.065%",
        "현재 재고 수량": "27개",
        "소비자 상담 전화": "마마캣 고객센터 (1544-6141)"
    },
    {
        "id": 388,
        "name": "로얄캐닌 캣 젤리파우치 스테럴라이즈드 85g",
        "image": "https://mamacat.co.kr/web/product/big/201910/c9e9e9e261931d9d85bebb5d3e59b794.jpg",
        "가격정책": "마마캣 회원등급 할인 상품",
        "유통기한": "2022.10.14.",
        "정상 소비자가": "1,500원",
        "마마캣 판매가": "1,280원",
        "가장 높은 회원등급 할인 적용시 구매가": "1,220원 (최대 60원 할인)",
        "원산지": "오스트리아",
        "제조자 | 수입자": "Royal Canin, SA. | 로얄캐닌코리아",
        "사용 연령": "성묘용(12개월이상 권장)",
        "100g 가격": "1,506원",
        "포장단위별 용량, 수량": "85g",
        "법에 의한 인증 및 허가": "사료관리법에 따른 수입신고를 필함",
        "원료구성": "닭고기, 돼지고기, 돈육단백질, 쌀가루, 밀가루, 밀글루텐, 셀룰로오스, 천연향료, 당류, 아미노산, 다당류 점증제, 제올라이트, 비타민 및 미네랄, 정제수",
        "성분구성": "조단백 9.0%, 조지방 2.6%, 조섬유 1.8%, 조회분 1.3%, 칼슘 0.2%, 인 0.22%, 타우린 0.065%",
        "현재 재고 수량": "22개",
        "소비자 상담 전화": "마마캣 고객센터 (1544-6141)"
    },
    {
        "id": 389,
        "name": "로얄캐닌 캣 젤리파우치 에이징 12+ 85g × 12개",
        "image": "https://mamacat.co.kr/web/product/big/201910/a59588e78347a9d7a58b678b9d782b68.jpg",
        "가격정책": "마마캣 회원등급 할인 상품",
        "유통기한": "2022.08.12.",
        "정상 소비자가": "18,000원",
        "마마캣 판매가": "14,940원",
        "가장 높은 회원등급 할인 적용시 구매가": "14,200원 (최대 740원 할인)",
        "원산지": "오스트리아",
        "제조자 | 수입자": "Royal Canin, SA. | 로얄캐닌코리아",
        "사용 연령": "12세 이상의 노령묘",
        "100g 가격": "1,345원",
        "포장단위별 용량, 수량": "85g × 12개",
        "법에 의한 인증 및 허가": "사료관리법에 따른 수입신고를 필함",
        "원료구성": "육류 및 육류성 분리물 (닭, 돼지), 밀 글루텐, 옥수수전분, 쌀, 해바라기유, 생선오일, 동물성 지방 (닭, 칠면조), 셀룰로오스, 금잔화 추출물, 미네랄, 카라멜, 글루코사민, 콘드로이틴, 비타민",
        "성분구성": "조단백 7.5% 이상, 조지방 2.5% 이상, 칼슘 0.1% 이상, 인 0.1% 이상, 조섬유 2.0% 이하, 조회분 1.2% 이하, 수분 82.5% 이하",
        "현재 재고 수량": "54개",
        "소비자 상담 전화": "마마캣 고객센터 (1544-6141)"
    },
    {
        "id": 390,
        "name": "로얄캐닌 캣 젤리파우치 에이징 12+ 85g",
        "image": "https://mamacat.co.kr/web/product/big/201809/50d39cbdd2b72b37989fdb531c7b2215.jpg",
        "가격정책": "마마캣 회원등급 할인 상품",
        "유통기한": "2022.08.12.",
        "정상 소비자가": "1,500원",
        "마마캣 판매가": "1,280원",
        "가장 높은 회원등급 할인 적용시 구매가": "1,220원 (최대 60원 할인)",
        "원산지": "오스트리아",
        "제조자 | 수입자": "Royal Canin, SA. | 로얄캐닌코리아",
        "사용 연령": "12세 이상의 노령묘",
        "100g 가격": "1,506원",
        "포장단위별 용량, 수량": "85g",
        "법에 의한 인증 및 허가": "사료관리법에 따른 수입신고를 필함",
        "원료구성": "육류 및 육류성 분리물 (닭, 돼지), 밀 글루텐, 옥수수전분, 쌀, 해바라기유, 생선오일, 동물성 지방 (닭, 칠면조), 셀룰로오스, 금잔화 추출물, 미네랄, 카라멜, 글루코사민, 콘드로이틴, 비타민",
        "성분구성": "조단백 7.5% 이상, 조지방 2.5% 이상, 칼슘 0.1% 이상, 인 0.1% 이상, 조섬유 2.0% 이하, 조회분 1.2% 이하, 수분 82.5% 이하",
        "현재 재고 수량": "22개",
        "소비자 상담 전화": "마마캣 고객센터 (1544-6141)"
    },
    {
        "id": 391,
        "name": "로얄캐닌 캣 젤리파우치 울트라 라이트 85g × 12개",
        "image": "https://mamacat.co.kr/web/product/big/201910/3e6f8f0fad02545affe44bf7cc968b6a.jpg",
        "가격정책": "마마캣 회원등급 할인 상품",
        "유통기한": "2022.10.08.",
        "정상 소비자가": "18,000원",
        "마마캣 판매가": "14,940원",
        "가장 높은 회원등급 할인 적용시 구매가": "14,200원 (최대 740원 할인)",
        "원산지": "오스트리아",
        "제조자 | 수입자": "Royal Canin, SA. | 로얄캐닌코리아",
        "사용 연령": "성묘용(12개월이상 권장)",
        "100g 가격": "1,345원",
        "포장단위별 용량, 수량": "85g × 12개",
        "법에 의한 인증 및 허가": "사료관리법에 따른 수입신고를 필함",
        "원료구성": "닭고기, 돼지고기, 돈육단백질, 쌀가루, 셀룰로오스, 밀글루텐, 천연향료, 당류, 아미노산, 다당류 점증제, 비타민 및 미네랄, 정제수",
        "성분구성": "조단백 10.2%, 조지방 2.1%, 조섬유 1.5%, 조회분 1.6%, 칼슘 0.31%, 인 0.25%, 타우린 0.07%",
        "현재 재고 수량": "57개",
        "소비자 상담 전화": "마마캣 고객센터 (1544-6141)"
    },
    {
        "id": 392,
        "name": "로얄캐닌 캣 젤리파우치 울트라 라이트 85g",
        "image": "https://mamacat.co.kr/web/product/big/201806/9013_shop1_15300007793907.jpg",
        "가격정책": "마마캣 회원등급 할인 상품",
        "유통기한": "2022.10.08.",
        "정상 소비자가": "1,500원",
        "마마캣 판매가": "1,280원",
        "가장 높은 회원등급 할인 적용시 구매가": "1,220원 (최대 60원 할인)",
        "원산지": "오스트리아",
        "제조자 | 수입자": "Royal Canin, SA. | 로얄캐닌코리아",
        "사용 연령": "성묘용(12개월이상 권장)",
        "100g 가격": "1,506원",
        "포장단위별 용량, 수량": "85g",
        "법에 의한 인증 및 허가": "사료관리법에 따른 수입신고를 필함",
        "원료구성": "닭고기, 돼지고기, 돈육단백질, 쌀가루, 셀룰로오스, 밀글루텐, 천연향료, 당류, 아미노산, 다당류 점증제, 비타민 및 미네랄, 정제수",
        "성분구성": "조단백 10.2%, 조지방 2.1%, 조섬유 1.5%, 조회분 1.6%, 칼슘 0.31%, 인 0.25%, 타우린 0.07%",
        "현재 재고 수량": "25개",
        "소비자 상담 전화": "마마캣 고객센터 (1544-6141)"
    },
    {
        "id": 393,
        "name": "로얄캐닌 캣 젤리파우치 인도어 +7 85g × 12개",
        "image": "https://mamacat.co.kr/web/product/big/202008/b8e4e510528e2328a9d24b495e969b53.jpg",
        "가격정책": "마마캣 회원등급 할인 상품",
        "유통기한": "2022.07.27.",
        "정상 소비자가": "18,000원",
        "마마캣 판매가": "14,940원",
        "가장 높은 회원등급 할인 적용시 구매가": "14,200원 (최대 740원 할인)",
        "원산지": "오스트리아",
        "제조자 | 수입자": "Royal Canin, SA. | 로얄캐닌코리아",
        "사용 연령": "노묘용 (7세 이상)",
        "100g 가격": "1,345원",
        "포장단위별 용량, 수량": "85g × 12개",
        "법에 의한 인증 및 허가": "사료관리법에 따른 수입신고를 필함",
        "원료구성": "육류 (닭, 돼지), 옥수수가루, 동물성 유도단백질 (돼지), 분말셀룰로스, 어유, 금잔화추출물, 카라기난, 혼합 광물질류 합제, 카라멜, 글루코사민, 아미노산제 합제, 비타민 D3, 철, 요오드, 구리, 망간, 아연, 제올라이트",
        "성분구성": "단백질 8.1%, 지방 1.1%, 조섬유 1.7%, 조회분 1.7%",
        "현재 재고 수량": "16개",
        "소비자 상담 전화": "마마캣 고객센터(1588-6141)",
        "제품 포장 유형": "비닐 파우치",
        "제품 보관방법": "직사광선이 없는 곳에 실온보관"
    },
    {
        "id": 394,
        "name": "로얄캐닌 캣 젤리파우치 인도어 +7 85g",
        "image": "https://mamacat.co.kr/web/product/big/202008/20b9eda88035d37949224f9a382d4d8c.jpg",
        "가격정책": "마마캣 회원등급 할인 상품",
        "유통기한": "2022.07.27.",
        "정상 소비자가": "1,500원",
        "마마캣 판매가": "1,280원",
        "가장 높은 회원등급 할인 적용시 구매가": "1,220원 (최대 60원 할인)",
        "원산지": "오스트리아",
        "제조자 | 수입자": "Royal Canin, SA. | 로얄캐닌코리아",
        "사용 연령": "노묘용 (7세 이상)",
        "100g 가격": "1,506원",
        "포장단위별 용량, 수량": "85g",
        "법에 의한 인증 및 허가": "사료관리법에 따른 수입신고를 필함",
        "원료구성": "육류 (닭, 돼지), 옥수수가루, 동물성 유도단백질 (돼지), 분말셀룰로스, 어유, 금잔화추출물, 카라기난, 혼합 광물질류 합제, 카라멜, 글루코사민, 아미노산제 합제, 비타민 D3, 철, 요오드, 구리, 망간, 아연, 제올라이트",
        "성분구성": "단백질 8.1%, 지방 1.1%, 조섬유 1.7%, 조회분 1.7%",
        "현재 재고 수량": "25개",
        "소비자 상담 전화": "마마캣 고객센터(1588-6141)",
        "제품 포장 유형": "비닐 파우치",
        "제품 보관방법": "직사광선이 없는 곳에 실온보관"
    },
    {
        "id": 395,
        "name": "로얄캐닌 캣 젤리파우치 인도어 85g × 12개",
        "image": "https://mamacat.co.kr/web/product/big/202008/892d96ec3f8ee1872dbabdddbfded3f7.jpg",
        "가격정책": "마마캣 회원등급 할인 상품",
        "유통기한": "2022.06.17.",
        "정상 소비자가": "18,000원",
        "마마캣 판매가": "14,940원",
        "가장 높은 회원등급 할인 적용시 구매가": "14,200원 (최대 740원 할인)",
        "원산지": "오스트리아",
        "제조자 | 수입자": "Royal Canin, SA. | 로얄캐닌코리아",
        "사용 연령": "성묘용 (12개월 이상)",
        "100g 가격": "1,345원",
        "포장단위별 용량, 수량": "85g × 12개",
        "법에 의한 인증 및 허가": "사료관리법에 따른 수입신고를 필함",
        "원료구성": "육류 (닭, 돼지), 옥수수가루, 동물성 유도단백질(돼지), 분말셀룰로스, 해바라기유, 어유, 혼합광물질류 합제, 카라멜, 카라기난, 아미노산제 합제, 비타민 D3, 철, 요오드, 구리, 망간, 아연, 제올라이트",
        "성분구성": "단백질 7.7%, 지방 1.3%, 조섬유 1.8%, 조회분 2%",
        "현재 재고 수량": "13개",
        "소비자 상담 전화": "마마캣 고객센터(1588-6141)",
        "제품 포장 유형": "비닐 파우치",
        "제품 보관방법": "직사광선이 없는 곳에 실온보관"
    },
    {
        "id": 396,
        "name": "로얄캐닌 캣 젤리파우치 인도어 85g",
        "image": "https://mamacat.co.kr/web/product/big/202008/98033b7101bcb0d4c049f70f91843f33.jpg",
        "가격정책": "마마캣 회원등급 할인 상품",
        "유통기한": "2022.06.17.",
        "정상 소비자가": "1,500원",
        "마마캣 판매가": "1,280원",
        "가장 높은 회원등급 할인 적용시 구매가": "1,220원 (최대 60원 할인)",
        "원산지": "오스트리아",
        "제조자 | 수입자": "Royal Canin, SA. | 로얄캐닌코리아",
        "사용 연령": "성묘용 (12개월 이상)",
        "100g 가격": "1,506원",
        "포장단위별 용량, 수량": "85g",
        "법에 의한 인증 및 허가": "사료관리법에 따른 수입신고를 필함",
        "원료구성": "육류 (닭, 돼지), 옥수수가루, 동물성 유도단백질(돼지), 분말셀룰로스, 해바라기유, 어유, 혼합광물질류 합제, 카라멜, 카라기난, 아미노산제 합제, 비타민 D3, 철, 요오드, 구리, 망간, 아연, 제올라이트",
        "성분구성": "단백질 7.7%, 지방 1.3%, 조섬유 1.8%, 조회분 2%",
        "현재 재고 수량": "26개",
        "소비자 상담 전화": "마마캣 고객센터(1588-6141)",
        "제품 포장 유형": "비닐 파우치",
        "제품 보관방법": "직사광선이 없는 곳에 실온보관"
    },
    {
        "id": 397,
        "name": "로얄캐닌 캣 젤리파우치 인스팅티브 85g × 12개",
        "image": "https://mamacat.co.kr/web/product/big/201910/ccbd40d57f05913ecceaefe382a57846.jpg",
        "가격정책": "마마캣 회원등급 할인 상품",
        "유통기한": "2022.11.11.",
        "정상 소비자가": "18,000원",
        "마마캣 판매가": "14,940원",
        "가장 높은 회원등급 할인 적용시 구매가": "14,200원 (최대 740원 할인)",
        "원산지": "오스트리아",
        "제조자 | 수입자": "Royal Canin, SA. | 로얄캐닌코리아",
        "사용 연령": "성묘용(12개월이상 권장)",
        "100g 가격": "1,345원",
        "포장단위별 용량, 수량": "85g × 12개",
        "법에 의한 인증 및 허가": "사료관리법에 따른 수입신고를 필함",
        "원료구성": "닭고기, 돼지고기, 연어, 밀글루텐, 밀가루, 가수분해가금간, 옥수수전분, 셀룰로오스, 천연향료, 당류, 아미노산, 다당류 점증제, 비타민 및 미네랄, 정제수",
        "성분구성": "조단백 12.0%, 조지방 2.8%, 조섬유 0.9%, 조회분 1.5%, 칼슘 0.22%, 인 0.2%, 타우린 0.07%",
        "현재 재고 수량": "30개",
        "소비자 상담 전화": "마마캣 고객센터 (1544-6141)"
    },
    {
        "id": 398,
        "name": "로얄캐닌 캣 젤리파우치 인스팅티브 85g",
        "image": "https://mamacat.co.kr/web/product/big/201803/10730_shop1_396277.jpg",
        "가격정책": "마마캣 회원등급 할인 상품",
        "유통기한": "2022.11.11.",
        "정상 소비자가": "1,500원",
        "마마캣 판매가": "1,280원",
        "가장 높은 회원등급 할인 적용시 구매가": "1,220원 (최대 60원 할인)",
        "원산지": "오스트리아",
        "제조자 | 수입자": "Royal Canin, SA. | 로얄캐닌코리아",
        "사용 연령": "성묘용(12개월이상 권장)",
        "100g 가격": "1,506원",
        "포장단위별 용량, 수량": "85g",
        "법에 의한 인증 및 허가": "사료관리법에 따른 수입신고를 필함",
        "원료구성": "닭고기, 돼지고기, 연어, 밀글루텐, 밀가루, 가수분해가금간, 옥수수전분, 셀룰로오스, 천연향료, 당류, 아미노산, 다당류 점증제, 비타민 및 미네랄, 정제수",
        "성분구성": "조단백 12.0%, 조지방 2.8%, 조섬유 0.9%, 조회분 1.5%, 칼슘 0.22%, 인 0.2%, 타우린 0.07%",
        "현재 재고 수량": "18개",
        "소비자 상담 전화": "마마캣 고객센터 (1544-6141)"
    },
    {
        "id": 399,
        "name": "로얄캐닌 캣 젤리파우치 인텐스 뷰티 85g × 12개",
        "image": "https://mamacat.co.kr/web/product/big/201910/4cee045218d936a3c6cf96ca682abc27.jpg",
        "가격정책": "마마캣 회원등급 할인 상품",
        "유통기한": "2022.08.14.",
        "정상 소비자가": "18,000원",
        "마마캣 판매가": "14,940원",
        "가장 높은 회원등급 할인 적용시 구매가": "14,200원 (최대 740원 할인)",
        "원산지": "오스트리아",
        "제조자 | 수입자": "Royal Canin, SA. | 로얄캐닌코리아",
        "사용 연령": "성묘용(12개월이상 권장)",
        "100g 가격": "1,345원",
        "포장단위별 용량, 수량": "85g × 12개",
        "법에 의한 인증 및 허가": "사료관리법에 따른 수입신고를 필함",
        "원료구성": "육류 및 동물성 분리물, 생선 및 생선 분리물, 곡물, 오일 및 지방, 식물성 분리물, 미네랄, 식물성 단백질 추출물, 여러가지의 당류",
        "성분구성": "조단백 12.0%, 조지방 3.5%, 조섬유 0.6%, 조회분 1.5%, 칼슘 0.2%, 인 0.15%, 타우린 0.05%",
        "현재 재고 수량": "54개",
        "소비자 상담 전화": "마마캣 고객센터 (1544-6141)"
    },
    {
        "id": 400,
        "name": "로얄캐닌 캣 젤리파우치 인텐스 뷰티 85g",
        "image": "https://mamacat.co.kr/web/product/big/201804/9011_shop1_551439.jpg",
        "가격정책": "마마캣 회원등급 할인 상품",
        "유통기한": "2022.08.14.",
        "정상 소비자가": "1,500원",
        "마마캣 판매가": "1,280원",
        "가장 높은 회원등급 할인 적용시 구매가": "1,220원 (최대 60원 할인)",
        "원산지": "오스트리아",
        "제조자 | 수입자": "Royal Canin, SA. | 로얄캐닌코리아",
        "사용 연령": "성묘용(12개월이상 권장)",
        "100g 가격": "1,506원",
        "포장단위별 용량, 수량": "85g",
        "법에 의한 인증 및 허가": "사료관리법에 따른 수입신고를 필함",
        "원료구성": "육류 및 동물성 분리물, 생선 및 생선 분리물, 곡물, 오일 및 지방, 식물성 분리물, 미네랄, 식물성 단백질 추출물, 여러가지의 당류",
        "성분구성": "조단백 12.0%, 조지방 3.5%, 조섬유 0.6%, 조회분 1.5%, 칼슘 0.2%, 인 0.15%, 타우린 0.05%",
        "현재 재고 수량": "16개",
        "소비자 상담 전화": "마마캣 고객센터 (1544-6141)"
    },
    {
        "id": 401,
        "name": "로얄캐닌 캣 젤리파우치 키튼 인스팅티브 85g × 12개",
        "image": "https://mamacat.co.kr/web/product/big/201910/3ca9b3512d53bb7bf2070ff591b0900f.jpg",
        "가격정책": "마마캣 회원등급 할인 상품",
        "유통기한": "2022.09.16.",
        "정상 소비자가": "18,000원",
        "마마캣 판매가": "14,940원",
        "가장 높은 회원등급 할인 적용시 구매가": "14,200원 (최대 740원 할인)",
        "원산지": "오스트리아",
        "제조자 | 수입자": "Royal Canin, SA. | 로얄캐닌코리아",
        "사용 연령": "2개월~12개월 추천",
        "100g 가격": "1,345원",
        "포장단위별 용량, 수량": "85g × 12개",
        "법에 의한 인증 및 허가": "사료관리법에 따른 수입신고를 필함",
        "원료구성": "닭고기, 돼지고기, 돈육단백질, 쌀가루, 밀글루텐, 옥수수전분, 셀룰로오스, 해바라기유, 생선오일, 천연향료, 효모추출물, 당류, 금잔화추출물, 베타카로틴, 아미노산, 다당류 점증제, 비타민 및 미네랄, 정제수",
        "성분구성": "조단백 12.0%, 조지방 4.0%, 조섬유 0.9%, 조회분 1.8%, 칼슘 0.31%, 인 0.25%, 타우린 0.11%",
        "현재 재고 수량": "6개",
        "소비자 상담 전화": "마마캣 고객센터 (1544-6141)"
    },
    {
        "id": 402,
        "name": "로얄캐닌 캣 젤리파우치 키튼 인스팅티브 85g",
        "image": "https://mamacat.co.kr/web/product/big/201804/9009_shop1_355950.jpg",
        "가격정책": "마마캣 회원등급 할인 상품",
        "유통기한": "2022.09.16.",
        "정상 소비자가": "1,500원",
        "마마캣 판매가": "1,280원",
        "가장 높은 회원등급 할인 적용시 구매가": "1,220원 (최대 60원 할인)",
        "원산지": "오스트리아",
        "제조자 | 수입자": "Royal Canin, SA. | 로얄캐닌코리아",
        "사용 연령": "2개월~12개월 추천",
        "100g 가격": "1,506원",
        "포장단위별 용량, 수량": "85g",
        "법에 의한 인증 및 허가": "사료관리법에 따른 수입신고를 필함",
        "원료구성": "닭고기, 돼지고기, 돈육단백질, 쌀가루, 밀글루텐, 옥수수전분, 셀룰로오스, 해바라기유, 생선오일, 천연향료, 효모추출물, 당류, 금잔화추출물, 베타카로틴, 아미노산, 다당류 점증제, 비타민 및 미네랄, 정제수",
        "성분구성": "조단백 12.0%, 조지방 4.0%, 조섬유 0.9%, 조회분 1.8%, 칼슘 0.31%, 인 0.25%, 타우린 0.11%",
        "현재 재고 수량": "79개",
        "소비자 상담 전화": "마마캣 고객센터 (1544-6141)"
    },
    {
        "id": 403,
        "name": "로얄캐닌 캣 주식캔 마더&베이비캣 195g",
        "image": "https://mamacat.co.kr/web/product/big/201904/c82b83e6dc68797cef007e3a082e601b.jpg",
        "가격정책": "마마캣 회원등급 할인 상품",
        "유통기한": "2023.01.09.",
        "정상 소비자가": "4,000원",
        "마마캣 판매가": "2,500원",
        "가장 높은 회원등급 할인 적용시 구매가": "2,380원 (최대 120원 할인)",
        "원산지": "오스트리아",
        "제조자 | 수입자": "Royal Canin, SA. | 로얄캐닌코리아",
        "사용 연령": "어린반려묘의 첫번째 단계(생후 4개월까지)",
        "100g 가격": "1,282원",
        "포장단위별 용량, 수량": "195g",
        "법에 의한 인증 및 허가": "사료관리법에 따른 수입신고를 필함",
        "원료구성": "닭고기,돼지고기,밀글루텐,돈육단백질,쌀가루,옥수수전분,셀룰로오스,해바라기유,생선오일,천연향료,효모추출물(만난 올리고당의 주원료),당류,금잔화 추출물(루테인의 주원료),베타카로틴,우유분리물(카세인칼슘),아미노산(글리신,타우린,메티오닌,L-카르니틴),외등등",
        "성분구성": "조단백8.5%이상,조지방3.5%이상,칼슘0.09%이상,인0.07%이상,조섬유1.9%이하,조회분2.1%이하,수분82%이하",
        "현재 재고 수량": "206개",
        "소비자 상담 전화": "마마캣 고객센터 (1544-6141)"
    },
    {
        "id": 404,
        "name": "로얄캐닌 캣 키튼 10kg",
        "image": "https://mamacat.co.kr/web/product/big/20191118/a8bcca449ed87031be179a88c3ed5513.jpg",
        "상품 간략설명": "자묘용 | 슈퍼프리미엄 (1,048원/100g당)",
        "가격정책": "마마캣 회원등급 할인 상품",
        "유통기한": "2022.09.11.",
        "사료등급": "슈퍼프리미엄",
        "정상 소비자가": "105,000원",
        "마마캣 판매가": "104,830원",
        "가장 높은 회원등급 할인 적용시 구매가": "99,590원 (최대 5,240원 할인)",
        "원산지": "대한민국",
        "제조자 | 수입자": "로얄캐닌코리아",
        "사용 연령": "자묘용 (12개월 이하)",
        "100g 가격": "1,048원",
        "포장단위별 용량, 수량": "10kg",
        "법에 의한 인증 및 허가": "사료관리법에 따른 수입신고를 필함",
        "원료구성": "탈수 가금 단백질(닭, 칠면조 등), 쌀, 식물성 단백질 분리물(밀), 동물성 지방(가금류), 가수분해 동물성 단백질(가금류 등), 옥수수 글루텐, 옥수수, 소맥분, 효모, 미네랄, 분말셀룰로스, 사탕무박, 생선 오일, 대두유, 차전자피, 프락토올리고당, 만난올리고당 등",
        "성분구성": "조단백 34.0%이상, 조지방 16.0%이상, 조회분 8.9%이하, 조섬유 3.3%이하, 칼슘 0.96%이상, 인 0.80%이상, 수분 7.0%이하 *실제 상품에 적힌 정보에 기반한 내용이며 상세페이지와 약간 차이가 있을 수 있습니다.*",
        "현재 재고 수량": "11개",
        "소비자 상담 전화": "마마캣 고객센터 (1544-6141)",
        "제품 포장 유형": "통포장 (지퍼 없음)"
    },
    {
        "id": 405,
        "name": "로얄캐닌 캣 키튼 4kg",
        "image": "https://mamacat.co.kr/web/product/big/20191118/67cdc9b631b1736e6ae181acd9f88094.jpg",
        "상품 간략설명": "자묘용 | 슈퍼프리미엄 (1,210원/100g당)",
        "가격정책": "마마캣 회원등급 할인 상품",
        "유통기한": "2022.10.03.",
        "사료등급": "슈퍼프리미엄",
        "정상 소비자가": "54,000원",
        "마마캣 판매가": "48,430원",
        "가장 높은 회원등급 할인 적용시 구매가": "46,010원 (최대 2,420원 할인)",
        "원산지": "대한민국",
        "제조자 | 수입자": "로얄캐닌코리아",
        "사용 연령": "자묘용 (12개월 이하)",
        "100g 가격": "1,210원",
        "포장단위별 용량, 수량": "4kg",
        "법에 의한 인증 및 허가": "사료관리법에 따른 수입신고를 필함",
        "원료구성": "탈수 가금 단백질(닭, 칠면조 등), 쌀, 식물성 단백질 분리물(밀), 동물성 지방(가금류), 가수분해 동물성 단백질(가금류 등), 옥수수 글루텐, 옥수수, 소맥분, 효모, 미네랄, 분말셀룰로스, 사탕무박, 생선 오일, 대두유, 차전자피, 프락토올리고당, 만난올리고당 등",
        "성분구성": "조단백 34.0%이상, 조지방 16.0%이상, 조회분 8.9%이하, 조섬유 3.3%이하, 칼슘 0.96%이상, 인 0.80%이상, 수분 7.0%이하 *실제 상품에 적힌 정보에 기반한 내용이며 상세페이지와 약간 차이가 있을 수 있습니다.*",
        "현재 재고 수량": "45개",
        "소비자 상담 전화": "마마캣 고객센터 (1544-6141)",
        "제품 포장 유형": "통포장 (지퍼팩 있음)"
    },
    {
        "id": 406,
        "name": "로얄캐닌 캣 페르시안 어덜트 10kg",
        "image": "https://mamacat.co.kr/web/product/big/20191118/c831eb3da3b5cb51edf2fb7fe8f9cbd9.jpg",
        "상품 간략설명": "성묘용 | 슈퍼프리미엄 (1,059원/100g당)",
        "가격정책": "마마캣 회원등급 할인 상품",
        "유통기한": "2022.09.06.",
        "사료등급": "슈퍼프리미엄",
        "정상 소비자가": "106,000원",
        "마마캣 판매가": "105,920원",
        "가장 높은 회원등급 할인 적용시 구매가": "100,630원 (최대 5,290원 할인)",
        "원산지": "대한민국",
        "제조자 | 수입자": "Royal Canin, SA. | 로얄캐닌코리아",
        "사용 연령": "성묘용 (12개월 이상)",
        "100g 가격": "1,059원",
        "포장단위별 용량, 수량": "10kg",
        "법에 의한 인증 및 허가": "사료관리법에 따른 수입신고를 필함",
        "원료구성": "육분(닭, 칠면조, 오리), 동물성 지방(닭, 칠면조, 오리), 옥수수, 밀 글루텐, 쌀, 분말셀룰로스, 옥수수글루텐, 동물성 유도단백질(닭, 칠면조), 밀, 효모, 미네랄, 치커리 펄프, 어유, 대두유, 프락토 올리고당, 차전자피, 가수분해효모, 보리지유, 금잔화 추출물 등",
        "성분구성": "조단백 28.0%이상, 조지방 20.0%이상, 칼슘 .0800%이상, 인 0.640%이상, 조회분 8.0%이하, 조섬유 5.6%이하, 수분 6.5%이하 *실제 상품에 적힌 정보에 기반한 내용이며 상세페이지와 약간 차이가 있을 수 있습니다.*",
        "현재 재고 수량": "6개",
        "소비자 상담 전화": "마마캣 고객센터 (1544-6141)",
        "제품 포장 유형": "통포장 (지퍼 없음)"
    },
    {
        "id": 407,
        "name": "로얄캐닌 캣 페르시안 어덜트 2kg",
        "image": "https://mamacat.co.kr/web/product/big/20191118/03e3b92a1403e9d2d8270c6461457c71.jpg",
        "상품 간략설명": "성묘용 | 슈퍼프리미엄 (1284원/100g당)",
        "가격정책": "마마캣 회원등급 할인 상품",
        "유통기한": "2022.07.18.",
        "사료등급": "슈퍼프리미엄",
        "정상 소비자가": "37,000원",
        "마마캣 판매가": "25,680원",
        "가장 높은 회원등급 할인 적용시 구매가": "24,400원 (최대 1,280원 할인)",
        "원산지": "대한민국",
        "제조자 | 수입자": "Royal Canin, SA. | 로얄캐닌코리아",
        "사용 연령": "성묘용 (12개월 이상)",
        "100g 가격": "1284원",
        "포장단위별 용량, 수량": "2kg",
        "법에 의한 인증 및 허가": "사료관리법에 따른 수입신고를 필함",
        "원료구성": "육분(닭, 칠면조, 오리), 동물성 지방(닭, 칠면조, 오리), 옥수수, 밀 글루텐, 쌀, 분말셀룰로스, 옥수수글루텐, 동물성 유도단백질(닭, 칠면조), 밀, 효모, 미네랄, 치커리 펄프, 어유, 대두유, 프락토 올리고당, 차전자피, 가수분해효모, 보리지유, 금잔화 추출물 등",
        "성분구성": "조단백 28.0%이상, 조지방 20.0%이상, 칼슘 .0800%이상, 인 0.640%이상, 조회분 8.0%이하, 조섬유 5.6%이하, 수분 6.5%이하 *실제 상품에 적힌 정보에 기반한 내용이며 상세페이지와 약간 차이가 있을 수 있습니다.*",
        "현재 재고 수량": "16개",
        "소비자 상담 전화": "마마캣 고객센터 (1544-6141)",
        "제품 포장 유형": "통포장 (지퍼팩 있음)"
    },
    {
        "id": 408,
        "name": "로얄캐닌 캣 페르시안 어덜트 4kg",
        "image": "https://mamacat.co.kr/web/product/big/20191118/8d9a9c5f0b7c467bfd8e67d70c689ccb.jpg",
        "상품 간략설명": "성묘용 | 슈퍼프리미엄 (1,246원/100g당)",
        "가격정책": "마마캣 회원등급 할인 상품",
        "유통기한": "2022.10.21.",
        "사료등급": "슈퍼프리미엄",
        "정상 소비자가": "57,000원",
        "마마캣 판매가": "49,870원",
        "가장 높은 회원등급 할인 적용시 구매가": "47,380원 (최대 2,490원 할인)",
        "원산지": "대한민국",
        "제조자 | 수입자": "Royal Canin, SA. | 로얄캐닌코리아",
        "사용 연령": "성묘용 (12개월 이상)",
        "100g 가격": "1,246원",
        "포장단위별 용량, 수량": "4kg",
        "법에 의한 인증 및 허가": "사료관리법에 따른 수입신고를 필함",
        "원료구성": "육분(닭, 칠면조, 오리), 동물성 지방(닭, 칠면조, 오리), 옥수수, 밀 글루텐, 쌀, 분말셀룰로스, 옥수수글루텐, 동물성 유도단백질(닭, 칠면조), 밀, 효모, 미네랄, 치커리 펄프, 어유, 대두유, 프락토 올리고당, 차전자피, 가수분해효모, 보리지유, 금잔화 추출물 등",
        "성분구성": "조단백 28.0%이상, 조지방 20.0%이상, 칼슘 .0800%이상, 인 0.640%이상, 조회분 8.0%이하, 조섬유 5.6%이하, 수분 6.5%이하 *실제 상품에 적힌 정보에 기반한 내용이며 상세페이지와 약간 차이가 있을 수 있습니다.*",
        "현재 재고 수량": "4개",
        "소비자 상담 전화": "마마캣 고객센터 (1544-6141)",
        "제품 포장 유형": "통포장 (지퍼팩 있음)"
    },
    {
        "id": 409,
        "name": "로얄캐닌 캣 페르시안 키튼 2kg",
        "image": "https://mamacat.co.kr/web/product/big/20191118/71355796ef430251144a03242e16f09d.jpg",
        "상품 간략설명": "자묘용 | 슈퍼프리미엄 (1284원/100g당)",
        "가격정책": "마마캣 회원등급 할인 상품",
        "유통기한": "2022.09.09.",
        "사료등급": "슈퍼프리미엄",
        "정상 소비자가": "37,000원",
        "마마캣 판매가": "25,680원",
        "가장 높은 회원등급 할인 적용시 구매가": "24,400원 (최대 1,280원 할인)",
        "원산지": "대한민국",
        "제조자 | 수입자": "Royal Canin, SA. | 로얄캐닌코리아",
        "사용 연령": "자묘용 (12개월 이하)",
        "100g 가격": "1284원",
        "포장단위별 용량, 수량": "2kg",
        "법에 의한 인증 및 허가": "사료관리법에 따른 수입신고를 필함",
        "원료구성": "육분(닭, 칠면조, 오리), 쌀, 동물성 지방(닭, 칠면조, 오리), 옥수수, 밀 글루텐, 동물성 유도단백질(닭, 칠면조), 분말셀룰로스, 효모, 사탕무박, 미네랄, 어유, 대두유, 프락토올리고당, 차전자피, 가수분해효모, 효모추출물, 보리지유, 금잔화 추출물, 밀 등",
        "성분구성": "조단백 30.0%이상, 조지방 20.0%이상, 칼슘 0.970%이상, 인 0.800%이상, 조회분 8.7%이하, 조섬유 3.7%이하, 수분 6.5%이하, 오메가3 지방산 1%, 오메가6 지방산 5% 비타민E 600mg/kg*실물에 적힌 정보에 기반한 내용이며 상세페이지와 차이가 있습니다.*",
        "현재 재고 수량": "5개",
        "소비자 상담 전화": "마마캣 고객센터 (1544-6141)",
        "제품 포장 유형": "통포장 (지퍼팩 있음)"
    },
    {
        "id": 410,
        "name": "로얄캐닌 캣 페르시안 키튼 4kg",
        "image": "https://mamacat.co.kr/web/product/big/20191118/3d73e7be8e2afd5f3b11ca382010b3ca.jpg",
        "상품 간략설명": "자묘용 | 슈퍼프리미엄 (1,246원/100g당)",
        "가격정책": "마마캣 회원등급 할인 상품",
        "유통기한": "2022.06.09.",
        "사료등급": "슈퍼프리미엄",
        "정상 소비자가": "57,000원",
        "마마캣 판매가": "49,870원",
        "가장 높은 회원등급 할인 적용시 구매가": "47,380원 (최대 2,490원 할인)",
        "원산지": "대한민국",
        "제조자 | 수입자": "Royal Canin, SA. | 로얄캐닌코리아",
        "사용 연령": "자묘용 (12개월 이하)",
        "100g 가격": "1,246원",
        "포장단위별 용량, 수량": "4kg",
        "법에 의한 인증 및 허가": "사료관리법에 따른 수입신고를 필함",
        "원료구성": "육분(닭, 칠면조, 오리), 쌀, 동물성 지방(닭, 칠면조, 오리), 옥수수, 밀 글루텐, 동물성 유도단백질(닭, 칠면조), 분말셀룰로스, 효모, 사탕무박, 미네랄, 어유, 대두유, 프락토올리고당, 차전자피, 가수분해효모, 효모추출물, 보리지유, 금잔화 추출물, 밀 등",
        "성분구성": "조단백 30.0%이상, 조지방 20.0%이상, 칼슘 0.970%이상, 인 0.800%이상, 조회분 8.7%이하, 조섬유 3.7%이하, 수분 6.5%이하, 오메가3 지방산 1%, 오메가6 지방산 5% 비타민E 600mg/kg*실물에 적힌 정보에 기반한 내용이며 상세페이지와 차이가 있습니다.*",
        "현재 재고 수량": "6개",
        "소비자 상담 전화": "마마캣 고객센터 (1544-6141)",
        "제품 포장 유형": "통포장 (지퍼팩 있음)"
    },
    {
        "id": 411,
        "name": "로얄캐닌 캣 프로틴 엑시전트 10kg",
        "image": "https://mamacat.co.kr/web/product/big/20191118/8003a767bbe79bfa23ee08376ef3711c.jpg",
        "상품 간략설명": "성묘용 | 슈퍼프리미엄 (1,048원/100g당)",
        "가격정책": "마마캣 회원등급 할인 상품",
        "유통기한": "2022.05.27.",
        "사료등급": "슈퍼프리미엄",
        "정상 소비자가": "105,000원",
        "마마캣 판매가": "104,830원",
        "가장 높은 회원등급 할인 적용시 구매가": "99,590원 (최대 5,240원 할인)",
        "원산지": "대한민국",
        "제조자 | 수입자": "Royal Canin, SA. | 로얄캐닌코리아",
        "사용 연령": "성묘용 (12개월 이상)",
        "100g 가격": "1,048원",
        "포장단위별 용량, 수량": "10kg",
        "법에 의한 인증 및 허가": "사료관리법에 따른 수입신고를 필함",
        "원료구성": "육분(닭, 칠면조, 오리), 옥수수, 밀 글루텐, 밀, 동물성 지방(가금류), 옥수수 글루텐, 동물성 유도단백질(닭, 칠면조), 사탕무박, 분말셀룰로스, 혼합광물질류합제, 효모, 대두유, 보리지유, 비타민A, 비타민D3, 철, 요오드, 구리, 망간, 아연, 제올라이트 등",
        "성분구성": "조단백 39.0%이상, 조지방 13.0%이상, 칼슘 1.04%이상, 인 0.94%이상, 조섬유 4.1%이하, 조회분 9.6%이하, 수분 7.0%이하 *실제 상품에 적힌 정보에 기반한 내용이며 상세페이지와 약간 차이가 있을 수 있습니다.*",
        "현재 재고 수량": "2개",
        "소비자 상담 전화": "마마캣 고객센터 (1544-6141)",
        "제품 포장 유형": "통포장 (지퍼 없음)"
    },
    {
        "id": 412,
        "name": "로얄캐닌 캣 프로틴 엑시전트 4kg",
        "image": "https://mamacat.co.kr/web/product/big/20191118/e99315f2ef64ce4e1ae6e5fef1926cc9.jpg",
        "상품 간략설명": "성묘용 | 슈퍼프리미엄 (1,210원/100g당)",
        "가격정책": "마마캣 회원등급 할인 상품",
        "유통기한": "2022.05.28.",
        "사료등급": "슈퍼프리미엄",
        "정상 소비자가": "54,000원",
        "마마캣 판매가": "48,430원",
        "가장 높은 회원등급 할인 적용시 구매가": "46,010원 (최대 2,420원 할인)",
        "원산지": "프랑스",
        "제조자 | 수입자": "Royal Canin, SA. | 로얄캐닌코리아",
        "사용 연령": "성묘용 (12개월 이상)",
        "100g 가격": "1,210원",
        "포장단위별 용량, 수량": "4kg",
        "법에 의한 인증 및 허가": "사료관리법에 따른 수입신고를 필함",
        "원료구성": "육분(닭, 칠면조, 오리), 옥수수, 밀 글루텐, 밀, 동물성 지방(가금류), 옥수수 글루텐, 동물성 유도단백질(닭, 칠면조), 사탕무박, 분말셀룰로스, 혼합광물질류합제, 효모, 대두유, 보리지유, 비타민A, 비타민D3, 철, 요오드, 구리, 망간, 아연, 제올라이트 등",
        "성분구성": "조단백 39.0%이상, 조지방 13.0%이상, 칼슘 1.04%이상, 인 0.94%이상, 조섬유 4.1%이하, 조회분 9.6%이하, 수분 7.0%이하 *실제 상품에 적힌 정보에 기반한 내용이며 상세페이지와 약간 차이가 있을 수 있습니다.*",
        "현재 재고 수량": "3개",
        "소비자 상담 전화": "마마캣 고객센터 (1544-6141)",
        "제품 포장 유형": "통포장 (지퍼팩 있음)"
    },
    {
        "id": 413,
        "name": "로얄캐닌 캣 헤어볼 케어 10kg",
        "image": "https://mamacat.co.kr/web/product/big/20191118/0ff17ba1d675fc29f6d372e6a739bbaa.jpg",
        "상품 간략설명": "성묘용 | 슈퍼프리미엄 (1,048원/100g당)",
        "가격정책": "마마캣 회원등급 할인 상품",
        "유통기한": "2022.08.29.",
        "사료등급": "슈퍼프리미엄",
        "정상 소비자가": "105,000원",
        "마마캣 판매가": "104,830원",
        "가장 높은 회원등급 할인 적용시 구매가": "99,590원 (최대 5,240원 할인)",
        "원산지": "대한민국",
        "제조자 | 수입자": "Royal Canin, SA. | 로얄캐닌코리아",
        "사용 연령": "성묘용 (12개월 이상)",
        "100g 가격": "1,048원",
        "포장단위별 용량, 수량": "10kg",
        "법에 의한 인증 및 허가": "사료관리법에 따른 수입신고를 필함",
        "원료구성": "탈수 가금 단백질(닭, 칠면조 등), 옥수수, 식물성 단백질 분리물(밀), 분말셀룰로스, 쌀, 동물성 지방(가금류), 가수분해 동물성 단백질(가금류 등), 소맥분, 옥수수 글루텐, 미네랄, 사탕무박, 효모, 대두유, 생선 오일, 차전자피, 프락토올리고당",
        "성분구성": "조단백 32.0%이상, 조지방 13.0%이상 칼슘 0.920%이상, 인 0.800%이상, 조회분 7.9%이하, 조섬유 7.9%이하, 수분 6.5%이하 *실제 상품에 적힌 정보에 기반한 내용이며 상세페이지와 약간 차이가 있을 수 있습니다.*",
        "현재 재고 수량": "9개",
        "소비자 상담 전화": "마마캣 고객센터 (1544-6141)",
        "제품 포장 유형": "통포장 (지퍼 없음)"
    },
    {
        "id": 414,
        "name": "로얄캐닌 캣 헤어볼 케어 4kg",
        "image": "https://mamacat.co.kr/web/product/big/20191118/bcba9d4b5746af90be4d054fdad0f9a2.jpg",
        "상품 간략설명": "성묘용 | 슈퍼프리미엄 (1,210원/100g당)",
        "가격정책": "마마캣 회원등급 할인 상품",
        "유통기한": "2022.08.29.",
        "사료등급": "슈퍼프리미엄",
        "정상 소비자가": "54,000원",
        "마마캣 판매가": "48,430원",
        "가장 높은 회원등급 할인 적용시 구매가": "46,010원 (최대 2,420원 할인)",
        "원산지": "대한민국",
        "제조자 | 수입자": "Royal Canin, SA. | 로얄캐닌코리아",
        "사용 연령": "성묘용 (12개월 이상)",
        "100g 가격": "1,210원",
        "포장단위별 용량, 수량": "4kg",
        "법에 의한 인증 및 허가": "사료관리법에 따른 수입신고를 필함",
        "원료구성": "탈수 가금 단백질(닭, 칠면조 등), 옥수수, 식물성 단백질 분리물(밀), 분말셀룰로스, 쌀, 동물성 지방(가금류), 가수분해 동물성 단백질(가금류 등), 소맥분, 옥수수 글루텐, 미네랄, 사탕무박, 효모, 대두유, 생선 오일, 차전자피, 프락토올리고당",
        "성분구성": "조단백 32.0%이상, 조지방 13.0%이상 칼슘 0.920%이상, 인 0.800%이상, 조회분 7.9%이하, 조섬유 7.9%이하, 수분 6.5%이하 *실제 상품에 적힌 정보에 기반한 내용이며 상세페이지와 약간 차이가 있을 수 있습니다.*",
        "현재 재고 수량": "15개",
        "소비자 상담 전화": "마마캣 고객센터 (1544-6141)",
        "제품 포장 유형": "통포장 (지퍼팩 있음)"
    },
    {
        "id": 415,
        "name": "로얄캐닌 캣 헤어&스킨 케어 10kg",
        "image": "https://mamacat.co.kr/web/product/big/20191118/33f1c48f6496f141f6992822a848f8d6.jpg",
        "상품 간략설명": "성묘용 | 슈퍼프리미엄 (1,048원/100g당)",
        "가격정책": "마마캣 회원등급 할인 상품",
        "유통기한": "2022.07.27.",
        "사료등급": "슈퍼프리미엄",
        "정상 소비자가": "105,000원",
        "마마캣 판매가": "104,830원",
        "가장 높은 회원등급 할인 적용시 구매가": "99,590원 (최대 5,240원 할인)",
        "원산지": "대한민국",
        "제조자 | 수입자": "Royal Canin, SA. | 로얄캐닌코리아",
        "사용 연령": "성묘용 (12개월 이상)",
        "100g 가격": "1,048원",
        "포장단위별 용량, 수량": "10kg",
        "법에 의한 인증 및 허가": "사료관리법에 따른 수입신고를 필함",
        "원료구성": "탈수 가금 단백질(닭, 칠면조 등), 동물성 지방(가금류), 식물성 단백질 분리물(밀), 옥수수, 쌀, 분말셀룰로스, 가수분해 동물성 단백질(가금류 등), 소맥분, 효모, 옥수수 글루텐, 미네랄, 대두유, 사탕무박, 생선 오일, 보리지유, 금잔화 추출물",
        "성분구성": "조단백 31.0%이상, 조지방 20.0%이상, 칼슘 0.880%이상, 인 0.720%이상, 조회분 7.6%이하, 조섬유 6.0%이하, 수분 6.5%이하, 오메가6 5.35%, 오메가3 1.07% *실제 상품에 적힌 정보에 기반한 내용이며 상세페이지와 약간 차이가 있을 수 있습니다.*",
        "현재 재고 수량": "3개",
        "소비자 상담 전화": "마마캣 고객센터 (1544-6141)",
        "제품 포장 유형": "통포장 (지퍼 없음)"
    },
    {
        "id": 416,
        "name": "로얄캐닌 캣 헤어&스킨 케어 4kg",
        "image": "https://mamacat.co.kr/web/product/big/20191118/d18d1bb772211a980309598b7f953ffd.jpg",
        "상품 간략설명": "성묘용 | 슈퍼프리미엄 (1,210원/100g당)",
        "가격정책": "마마캣 회원등급 할인 상품",
        "유통기한": "2022.08.31.",
        "사료등급": "슈퍼프리미엄",
        "정상 소비자가": "54,000원",
        "마마캣 판매가": "48,430원",
        "가장 높은 회원등급 할인 적용시 구매가": "46,010원 (최대 2,420원 할인)",
        "원산지": "대한민국",
        "제조자 | 수입자": "Royal Canin, SA. | 로얄캐닌코리아",
        "사용 연령": "성묘용 (12개월 이상)",
        "100g 가격": "1,210원",
        "포장단위별 용량, 수량": "4kg",
        "법에 의한 인증 및 허가": "사료관리법에 따른 수입신고를 필함",
        "원료구성": "탈수 가금 단백질(닭, 칠면조 등), 동물성 지방(가금류), 식물성 단백질 분리물(밀), 옥수수, 쌀, 분말셀룰로스, 가수분해 동물성 단백질(가금류 등), 소맥분, 효모, 옥수수 글루텐, 미네랄, 대두유, 사탕무박, 생선 오일, 보리지유, 금잔화 추출물",
        "성분구성": "조단백 31.0%이상, 조지방 20.0%이상, 칼슘 0.880%이상, 인 0.720%이상, 조회분 7.6%이하, 조섬유 6.0%이하, 수분 6.5%이하, 오메가6 5.35%, 오메가3 1.07% *실제 상품에 적힌 정보에 기반한 내용이며 상세페이지와 약간 차이가 있을 수 있습니다.*",
        "현재 재고 수량": "8개",
        "소비자 상담 전화": "마마캣 고객센터 (1544-6141)",
        "제품 포장 유형": "통포장 (지퍼팩 있음)"
    },
    {
        "id": 417,
        "name": "로우즈 캣 사시 습식파우치 5종 맛보기 50g × 5개",
        "image": "https://mamacat.co.kr/web/product/big/20200324/3b6141b44d4076a4e313040540f17367.png",
        "가격정책": "마마캣 회원등급 할인 상품",
        "정상 소비자가": "17,500원",
        "마마캣 판매가": "12,150원",
        "가장 높은 회원등급 할인 적용시 구매가": "11,550원 (최대 600원 할인)",
        "원산지": "태국",
        "제조자 | 수입자": "Rawz Natural Pet Food | (주)에이펙스",
        "사용 연령": "전연령 (2개월 이상)",
        "100g 가격": "4860원",
        "포장단위별 용량, 수량": "50g × 5개",
        "법에 의한 인증 및 허가": "사료관리법에 따른 수입신고를 필함",
        "원료구성": "제품별 상세페이지 참조",
        "성분구성": "제품별 상세페이지 참조",
        "현재 재고 수량": "11개",
        "소비자 상담 전화": "마마캣 고객센터 (1544-6141)"
    },
    {
        "id": 418,
        "name": "로우즈 캣 사시 습식파우치 5종 혼합 50g × 10개",
        "image": "https://mamacat.co.kr/web/product/big/20200324/e0200c6d2915cfd351e1ab5be33b96b4.png",
        "가격정책": "마마캣 회원등급 할인 상품",
        "정상 소비자가": "35,000원",
        "마마캣 판매가": "24,300원",
        "가장 높은 회원등급 할인 적용시 구매가": "23,090원 (최대 1,210원 할인)",
        "원산지": "태국",
        "제조자 | 수입자": "Rawz Natural Pet Food | (주)에이펙스",
        "사용 연령": "전연령 (2개월 이상)",
        "100g 가격": "4860원",
        "포장단위별 용량, 수량": "50g × 10개",
        "법에 의한 인증 및 허가": "사료관리법에 따른 수입신고를 필함",
        "원료구성": "제품별 상세페이지 참조",
        "성분구성": "제품별 상세페이지 참조",
        "현재 재고 수량": "9개",
        "소비자 상담 전화": "마마캣 고객센터 (1544-6141)"
    },
    {
        "id": 419,
        "name": "로우즈 캣 사시 습식파우치 연어&참치 50g × 8개",
        "image": "https://mamacat.co.kr/web/product/big/20200324/5fc329460f9ef31cd4e71f52434b7425.png",
        "가격정책": "마마캣 회원등급 할인 상품",
        "유통기한": "2023.01.30.",
        "정상 소비자가": "28,000원",
        "마마캣 판매가": "19,440원",
        "가장 높은 회원등급 할인 적용시 구매가": "18,470원 (최대 970원 할인)",
        "원산지": "태국",
        "제조자 | 수입자": "Rawz Natural Pet Food | (주)에이펙스",
        "사용 연령": "전연령 (2개월 이상)",
        "100g 가격": "4860원",
        "포장단위별 용량, 수량": "50g × 8개",
        "법에 의한 인증 및 허가": "사료관리법에 따른 수입신고를 필함",
        "원료구성": "연어, 생선육수, 참치, 타피오카 전분",
        "성분구성": "조단백질 11.00%, 조지방 0.45%, 조섬유질 0.50%, 조회분 0.90%, 수분 87.00%",
        "현재 재고 수량": "8개",
        "소비자 상담 전화": "마마캣 고객센터 (1544-6141)"
    },
    {
        "id": 420,
        "name": "로우즈 캣 사시 습식파우치 연어&참치 50g",
        "image": "https://mamacat.co.kr/web/product/big/20200324/efcc39bc46efa85094a05903ed1124e8.png",
        "가격정책": "마마캣 회원등급 할인 상품",
        "유통기한": "2023.01.30.",
        "정상 소비자가": "3,500원",
        "마마캣 판매가": "2,700원",
        "가장 높은 회원등급 할인 적용시 구매가": "2,570원 (최대 130원 할인)",
        "원산지": "태국",
        "제조자 | 수입자": "Rawz Natural Pet Food | (주)에이펙스",
        "사용 연령": "전연령 (2개월 이상)",
        "100g 가격": "5400원",
        "포장단위별 용량, 수량": "50g",
        "법에 의한 인증 및 허가": "사료관리법에 따른 수입신고를 필함",
        "원료구성": "연어, 생선육수, 참치, 타피오카 전분",
        "성분구성": "조단백질 11.00%, 조지방 0.45%, 조섬유질 0.50%, 조회분 0.90%, 수분 87.00%",
        "현재 재고 수량": "29개",
        "소비자 상담 전화": "마마캣 고객센터 (1544-6141)"
    },
    {
        "id": 421,
        "name": "로우즈 캣 사시 습식파우치 참치&고등어 50g × 8개",
        "image": "https://mamacat.co.kr/web/product/big/20200324/28a4439ca825592fb88400c8e19d7180.png",
        "가격정책": "마마캣 회원등급 할인 상품",
        "유통기한": "2023.01.30.",
        "정상 소비자가": "28,000원",
        "마마캣 판매가": "19,440원",
        "가장 높은 회원등급 할인 적용시 구매가": "18,470원 (최대 970원 할인)",
        "원산지": "태국",
        "제조자 | 수입자": "Rawz Natural Pet Food | (주)에이펙스",
        "사용 연령": "전연령 (2개월 이상)",
        "100g 가격": "4860원",
        "포장단위별 용량, 수량": "50g × 8개",
        "법에 의한 인증 및 허가": "사료관리법에 따른 수입신고를 필함",
        "원료구성": "참치, 생선육수, 고등어, 타피오카 전분",
        "성분구성": "조단백질 112.00%, 조비아 0.45%, 조섬유질 0.50%, 조회분 0.90%, 수분 87.00%",
        "현재 재고 수량": "9개",
        "소비자 상담 전화": "마마캣 고객센터 (1544-6141)"
    },
    {
        "id": 422,
        "name": "로우즈 캣 사시 습식파우치 참치&고등어 50g",
        "image": "https://mamacat.co.kr/web/product/big/20200324/10ada4bee43b674ff3fdabb4a28fa027.png",
        "가격정책": "마마캣 회원등급 할인 상품",
        "유통기한": "2023.01.30.",
        "정상 소비자가": "3,500원",
        "마마캣 판매가": "2,700원",
        "가장 높은 회원등급 할인 적용시 구매가": "2,570원 (최대 130원 할인)",
        "원산지": "태국",
        "제조자 | 수입자": "Rawz Natural Pet Food | (주)에이펙스",
        "사용 연령": "전연령 (2개월 이상)",
        "100g 가격": "5400원",
        "포장단위별 용량, 수량": "50g",
        "법에 의한 인증 및 허가": "사료관리법에 따른 수입신고를 필함",
        "원료구성": "참치, 생선육수, 고등어, 타피오카 전분",
        "성분구성": "조단백질 112.00%, 조비아 0.45%, 조섬유질 0.50%, 조회분 0.90%, 수분 87.00%",
        "현재 재고 수량": "14개",
        "소비자 상담 전화": "마마캣 고객센터 (1544-6141)"
    },
    {
        "id": 423,
        "name": "로우즈 캣 사시 습식파우치 참치&도미 50g × 8개",
        "image": "https://mamacat.co.kr/web/product/big/20200324/ebd3356355aabde411c22c71df69b489.png",
        "가격정책": "마마캣 회원등급 할인 상품",
        "유통기한": "2023.01.30.",
        "정상 소비자가": "28,000원",
        "마마캣 판매가": "19,440원",
        "가장 높은 회원등급 할인 적용시 구매가": "18,470원 (최대 970원 할인)",
        "원산지": "태국",
        "제조자 | 수입자": "Rawz Natural Pet Food | (주)에이펙스",
        "사용 연령": "전연령 (2개월 이상)",
        "100g 가격": "4860원",
        "포장단위별 용량, 수량": "50g × 8개",
        "법에 의한 인증 및 허가": "사료관리법에 따른 수입신고를 필함",
        "원료구성": "참치, 생선육수, 도미, 타피오카 전분",
        "성분구성": "조단백질 11.00%, 조지방 0.45%, 조섬유질 0.50%, 조회분 0.90%, 수분 87.00%",
        "현재 재고 수량": "11개",
        "소비자 상담 전화": "마마캣 고객센터 (1544-6141)"
    },
    {
        "id": 424,
        "name": "로우즈 캣 사시 습식파우치 참치&도미 50g",
        "image": "https://mamacat.co.kr/web/product/big/20200324/3956bfa7e3ee3b498140fca2323e586b.png",
        "가격정책": "마마캣 회원등급 할인 상품",
        "유통기한": "2023.01.30.",
        "정상 소비자가": "3,500원",
        "마마캣 판매가": "2,700원",
        "가장 높은 회원등급 할인 적용시 구매가": "2,570원 (최대 130원 할인)",
        "원산지": "태국",
        "제조자 | 수입자": "Rawz Natural Pet Food | (주)에이펙스",
        "사용 연령": "전연령 (2개월 이상)",
        "100g 가격": "5400원",
        "포장단위별 용량, 수량": "50g",
        "법에 의한 인증 및 허가": "사료관리법에 따른 수입신고를 필함",
        "원료구성": "참치, 생선육수, 도미, 타피오카 전분",
        "성분구성": "조단백질 11.00%, 조지방 0.45%, 조섬유질 0.50%, 조회분 0.90%, 수분 87.00%",
        "현재 재고 수량": "19개",
        "소비자 상담 전화": "마마캣 고객센터 (1544-6141)"
    },
    {
        "id": 425,
        "name": "로우즈 캣 사시 습식파우치 참치&정어리 50g × 8개",
        "image": "https://mamacat.co.kr/web/product/big/20200324/3ec962435cf127050a21d18c2a201fd7.png",
        "가격정책": "마마캣 회원등급 할인 상품",
        "유통기한": "2023.01.30.",
        "정상 소비자가": "28,000원",
        "마마캣 판매가": "19,440원",
        "가장 높은 회원등급 할인 적용시 구매가": "18,470원 (최대 970원 할인)",
        "원산지": "태국",
        "제조자 | 수입자": "Rawz Natural Pet Food | (주)에이펙스",
        "사용 연령": "전연령 (2개월 이상)",
        "100g 가격": "4860원",
        "포장단위별 용량, 수량": "50g × 8개",
        "법에 의한 인증 및 허가": "사료관리법에 따른 수입신고를 필함",
        "원료구성": "참치, 생선육수, 정어리, 타피오카 전분",
        "성분구성": "조단백질 11.00%, 조지방 0.45%, 조섬유질 0.50%, 조회분 1.60%, 수분 87.00%",
        "현재 재고 수량": "8개",
        "소비자 상담 전화": "마마캣 고객센터 (1544-6141)"
    },
    {
        "id": 426,
        "name": "로우즈 캣 사시 습식파우치 참치&정어리 50g",
        "image": "https://mamacat.co.kr/web/product/big/20200324/55bfd3af67cd217b00fd014ee987565b.png",
        "가격정책": "마마캣 회원등급 할인 상품",
        "유통기한": "2023.01.30.",
        "정상 소비자가": "3,500원",
        "마마캣 판매가": "2,700원",
        "가장 높은 회원등급 할인 적용시 구매가": "2,570원 (최대 130원 할인)",
        "원산지": "태국",
        "제조자 | 수입자": "Rawz Natural Pet Food | (주)에이펙스",
        "사용 연령": "전연령 (2개월 이상)",
        "100g 가격": "5400원",
        "포장단위별 용량, 수량": "50g",
        "법에 의한 인증 및 허가": "사료관리법에 따른 수입신고를 필함",
        "원료구성": "참치, 생선육수, 정어리, 타피오카 전분",
        "성분구성": "조단백질 11.00%, 조지방 0.45%, 조섬유질 0.50%, 조회분 1.60%, 수분 87.00%",
        "현재 재고 수량": "17개",
        "소비자 상담 전화": "마마캣 고객센터 (1544-6141)"
    },
    {
        "id": 427,
        "name": "로우즈 캣 사시 습식파우치 참치&호박 50g × 8개",
        "image": "https://mamacat.co.kr/web/product/big/20200324/147c5d79fec55f902b73fa263c8d36df.png",
        "가격정책": "마마캣 회원등급 할인 상품",
        "유통기한": "2022.12.20.",
        "정상 소비자가": "28,000원",
        "마마캣 판매가": "19,440원",
        "가장 높은 회원등급 할인 적용시 구매가": "18,470원 (최대 970원 할인)",
        "원산지": "태국",
        "제조자 | 수입자": "Rawz Natural Pet Food | (주)에이펙스",
        "사용 연령": "전연령 (2개월 이상)",
        "100g 가격": "4860원",
        "포장단위별 용량, 수량": "50g × 8개",
        "법에 의한 인증 및 허가": "사료관리법에 따른 수입신고를 필함",
        "원료구성": "참치, 생선육수, 호박, 타피오카 전분",
        "성분구성": "조단백질 11.00%, 조지방 0.25%, 조섬유질 0.50%, 조회분 1.00%, 수분 87.00%",
        "현재 재고 수량": "8개",
        "소비자 상담 전화": "마마캣 고객센터 (1544-6141)"
    },
    {
        "id": 428,
        "name": "로우즈 캣 사시 습식파우치 참치&호박 50g",
        "image": "https://mamacat.co.kr/web/product/big/20200324/08658808184ee9d1342bb969ac5d8414.png",
        "가격정책": "마마캣 회원등급 할인 상품",
        "유통기한": "2022.12.20.",
        "정상 소비자가": "3,500원",
        "마마캣 판매가": "2,700원",
        "가장 높은 회원등급 할인 적용시 구매가": "2,570원 (최대 130원 할인)",
        "원산지": "태국",
        "제조자 | 수입자": "Rawz Natural Pet Food | (주)에이펙스",
        "사용 연령": "전연령 (2개월 이상)",
        "100g 가격": "5400원",
        "포장단위별 용량, 수량": "50g",
        "법에 의한 인증 및 허가": "사료관리법에 따른 수입신고를 필함",
        "원료구성": "참치, 생선육수, 호박, 타피오카 전분",
        "성분구성": "조단백질 11.00%, 조지방 0.25%, 조섬유질 0.50%, 조회분 1.00%, 수분 87.00%",
        "현재 재고 수량": "17개",
        "소비자 상담 전화": "마마캣 고객센터 (1544-6141)"
    },
    {
        "id": 429,
        "name": "로우즈 캣 슈레디드 습식파우치 5종 맛보기 69g × 5개",
        "image": "https://mamacat.co.kr/web/product/big/20200610/19f017c3790ce1db226346b70bd74fc4.png",
        "가격정책": "마마캣 회원등급 할인 상품",
        "정상 소비자가": "20,000원",
        "마마캣 판매가": "17,060원",
        "가장 높은 회원등급 할인 적용시 구매가": "16,210원 (최대 850원 할인)",
        "원산지": "태국",
        "제조자 | 수입자": "Rawz Natural Pet Food | (주)에이펙스",
        "사용 연령": "전연령 (2개월 이상)",
        "100g 가격": "4,620원",
        "포장단위별 용량, 수량": "69g × 5개",
        "법에 의한 인증 및 허가": "사료관리법에 따른 수입신고를 필함",
        "성분구성": "각 상세페이지 참조",
        "현재 재고 수량": "8개",
        "소비자 상담 전화": "마마캣 고객센터 (1544-6141)",
        "제품 포장 유형": "비닐 파우치",
        "제품 보관방법": "직시광선을 피하고 서늘한곳에 보관하십시오"
    },
    {
        "id": 430,
        "name": "로우즈 캣 슈레디드 습식파우치 5종 혼합 69g × 10개",
        "image": "https://mamacat.co.kr/web/product/big/20200610/5d8c4e5dc2beb14284f9e23af3dca693.png",
        "가격정책": "마마캣 회원등급 할인 상품",
        "정상 소비자가": "40,000원",
        "마마캣 판매가": "33,250원",
        "가장 높은 회원등급 할인 적용시 구매가": "31,590원 (최대 1,660원 할인)",
        "원산지": "태국",
        "제조자 | 수입자": "Rawz Natural Pet Food | (주)에이펙스",
        "사용 연령": "전연령 (2개월 이상)",
        "100g 가격": "4,565원",
        "포장단위별 용량, 수량": "69g × 10개",
        "법에 의한 인증 및 허가": "사료관리법에 따른 수입신고를 필함",
        "성분구성": "각 상세페이지 참조",
        "현재 재고 수량": "2개",
        "소비자 상담 전화": "마마캣 고객센터 (1544-6141)",
        "제품 포장 유형": "비닐 파우치",
        "제품 보관방법": "직시광선을 피하고 서늘한곳에 보관하십시오"
    },
    {
        "id": 431,
        "name": "로우즈 캣 슈레디드 습식파우치 연어, 참치&참치 오일 69g × 8개",
        "image": "https://mamacat.co.kr/web/product/big/20200610/3d8c793c8a1c90438a222bf5a2ff5eca.jpg",
        "가격정책": "마마캣 회원등급 할인 상품",
        "유통기한": "2023.04.27.",
        "정상 소비자가": "32,000원",
        "마마캣 판매가": "27,020원",
        "가장 높은 회원등급 할인 적용시 구매가": "25,670원 (최대 1,350원 할인)",
        "원산지": "태국",
        "제조자 | 수입자": "Rawz Natural Pet Food | (주)에이펙스",
        "사용 연령": "전연령 (2개월 이상)",
        "100g 가격": "4,565원",
        "포장단위별 용량, 수량": "69g × 8개",
        "법에 의한 인증 및 허가": "사료관리법에 따른 수입신고를 필함",
        "성분구성": "조단백질 11.00% 이상, 조지방 3.00% 이상, 조섬유 1.50% 이하, 조회분 2.00% 이하, 수분 82.00% 이하, 칼슘 0.30% 이상, 인 0.15% 이상",
        "현재 재고 수량": "품절",
        "소비자 상담 전화": "마마캣 고객센터 (1544-6141)",
        "제품 포장 유형": "비닐 파우치",
        "제품 보관방법": "직시광선을 피하고 서늘한곳에 보관하십시오"
    },
    {
        "id": 432,
        "name": "로우즈 캣 슈레디드 습식파우치 연어, 참치&참치 오일 69g",
        "image": "https://mamacat.co.kr/web/product/big/20200610/592b4b04490a03121a94760b92590a56.png",
        "가격정책": "마마캣 회원등급 할인 상품",
        "유통기한": "2023.04.27.",
        "정상 소비자가": "4,000원",
        "마마캣 판매가": "3,500원",
        "가장 높은 회원등급 할인 적용시 구매가": "3,330원 (최대 170원 할인)",
        "원산지": "태국",
        "제조자 | 수입자": "Rawz Natural Pet Food | (주)에이펙스",
        "사용 연령": "전연령 (2개월 이상)",
        "100g 가격": "4,666원",
        "포장단위별 용량, 수량": "69g",
        "법에 의한 인증 및 허가": "사료관리법에 따른 수입신고를 필함",
        "성분구성": "조단백질 11.00% 이상, 조지방 3.00% 이상, 조섬유 1.50% 이하, 조회분 2.00% 이하, 수분 82.00% 이하, 칼슘 0.30% 이상, 인 0.15% 이상",
        "현재 재고 수량": "19개",
        "소비자 상담 전화": "마마캣 고객센터 (1544-6141)",
        "제품 포장 유형": "비닐 파우치",
        "제품 보관방법": "직시광선을 피하고 서늘한곳에 보관하십시오"
    },
    {
        "id": 433,
        "name": "로우즈 캣 슈레디드 습식파우치 치킨 가슴살&에그 69g × 8개",
        "image": "https://mamacat.co.kr/web/product/big/20200610/85a5ebbaea320b2388a82af341d7b555.jpg",
        "가격정책": "마마캣 회원등급 할인 상품",
        "유통기한": "2023.04.27.",
        "정상 소비자가": "32,000원",
        "마마캣 판매가": "27,020원",
        "가장 높은 회원등급 할인 적용시 구매가": "25,670원 (최대 1,350원 할인)",
        "원산지": "태국",
        "제조자 | 수입자": "Rawz Natural Pet Food | (주)에이펙스",
        "사용 연령": "전연령 (2개월 이상)",
        "100g 가격": "4,565원",
        "포장단위별 용량, 수량": "69g × 8개",
        "법에 의한 인증 및 허가": "사료관리법에 따른 수입신고를 필함",
        "성분구성": "조단백질 11.00% 이상, 조지방 1.50% 이상, 조섬유 1.50% 이하, 조회분 2.50% 이하, 수분 82.00% 이하, 칼슘 0.20% 이상, 인 0.12% 이상",
        "현재 재고 수량": "2개",
        "소비자 상담 전화": "마마캣 고객센터 (1544-6141)",
        "제품 포장 유형": "비닐 파우치",
        "제품 보관방법": "직시광선을 피하고 서늘한곳에 보관하십시오"
    },
    {
        "id": 434,
        "name": "로우즈 캣 슈레디드 습식파우치 치킨 가슴살&에그 69g",
        "image": "https://mamacat.co.kr/web/product/big/20200610/7d2c872b36300bac5ee368340b1d38b0.png",
        "가격정책": "마마캣 회원등급 할인 상품",
        "유통기한": "2023.04.27.",
        "정상 소비자가": "4,000원",
        "마마캣 판매가": "3,500원",
        "가장 높은 회원등급 할인 적용시 구매가": "3,330원 (최대 170원 할인)",
        "원산지": "태국",
        "제조자 | 수입자": "Rawz Natural Pet Food | (주)에이펙스",
        "사용 연령": "전연령 (2개월 이상)",
        "100g 가격": "4,666원",
        "포장단위별 용량, 수량": "69g",
        "법에 의한 인증 및 허가": "사료관리법에 따른 수입신고를 필함",
        "성분구성": "조단백질 11.00% 이상, 조지방 1.50% 이상, 조섬유 1.50% 이하, 조회분 2.50% 이하, 수분 82.00% 이하, 칼슘 0.20% 이상, 인 0.12% 이상",
        "현재 재고 수량": "13개",
        "소비자 상담 전화": "마마캣 고객센터 (1544-6141)",
        "제품 포장 유형": "비닐 파우치",
        "제품 보관방법": "직시광선을 피하고 서늘한곳에 보관하십시오"
    },
    {
        "id": 435,
        "name": "로우즈 캣 슈레디드 습식파우치 치킨 가슴살&치즈 69g × 8개",
        "image": "https://mamacat.co.kr/web/product/big/20200610/396147449639681b010b57ae05fae60a.jpg",
        "가격정책": "마마캣 회원등급 할인 상품",
        "유통기한": "2023.04.27.",
        "정상 소비자가": "32,000원",
        "마마캣 판매가": "27,020원",
        "가장 높은 회원등급 할인 적용시 구매가": "25,670원 (최대 1,350원 할인)",
        "원산지": "태국",
        "제조자 | 수입자": "Rawz Natural Pet Food | (주)에이펙스",
        "사용 연령": "전연령 (2개월 이상)",
        "100g 가격": "4,565원",
        "포장단위별 용량, 수량": "69g × 8개",
        "법에 의한 인증 및 허가": "사료관리법에 따른 수입신고를 필함",
        "성분구성": "조단백질 11.00% 이상, 조지방 1.50% 이상, 조섬유 1.50% 이하, 조회분 2.75% 이하, 수분 82.00% 이하, 칼슘 0.20% 이상, 인 0.12% 이상",
        "현재 재고 수량": "7개",
        "소비자 상담 전화": "마마캣 고객센터 (1544-6141)",
        "제품 포장 유형": "비닐 파우치",
        "제품 보관방법": "직시광선을 피하고 서늘한곳에 보관하십시오"
    },
    {
        "id": 436,
        "name": "로우즈 캣 슈레디드 습식파우치 치킨 가슴살&치즈 69g",
        "image": "https://mamacat.co.kr/web/product/big/20200610/bad3e3c0943b88b731538c6cfac0c89f.png",
        "가격정책": "마마캣 회원등급 할인 상품",
        "유통기한": "2023.04.27.",
        "정상 소비자가": "4,000원",
        "마마캣 판매가": "3,500원",
        "가장 높은 회원등급 할인 적용시 구매가": "3,330원 (최대 170원 할인)",
        "원산지": "태국",
        "제조자 | 수입자": "Rawz Natural Pet Food | (주)에이펙스",
        "사용 연령": "전연령 (2개월 이상)",
        "100g 가격": "4,666원",
        "포장단위별 용량, 수량": "69g",
        "법에 의한 인증 및 허가": "사료관리법에 따른 수입신고를 필함",
        "성분구성": "조단백질 11.00% 이상, 조지방 1.50% 이상, 조섬유 1.50% 이하, 조회분 2.75% 이하, 수분 82.00% 이하, 칼슘 0.20% 이상, 인 0.12% 이상",
        "현재 재고 수량": "10개",
        "소비자 상담 전화": "마마캣 고객센터 (1544-6141)",
        "제품 포장 유형": "비닐 파우치",
        "제품 보관방법": "직시광선을 피하고 서늘한곳에 보관하십시오"
    },
    {
        "id": 437,
        "name": "로우즈 캣 슈레디드 습식파우치 치킨 가슴살&코코넛 오일 69g × 8개",
        "image": "https://mamacat.co.kr/web/product/big/20200610/f480cf2043dbb7f796c9c2f0387e14d8.jpg",
        "가격정책": "마마캣 회원등급 할인 상품",
        "유통기한": "2023.07.09.",
        "정상 소비자가": "32,000원",
        "마마캣 판매가": "27,020원",
        "가장 높은 회원등급 할인 적용시 구매가": "25,670원 (최대 1,350원 할인)",
        "원산지": "태국",
        "제조자 | 수입자": "Rawz Natural Pet Food | (주)에이펙스",
        "사용 연령": "전연령 (2개월 이상)",
        "100g 가격": "4,565원",
        "포장단위별 용량, 수량": "69g × 8개",
        "법에 의한 인증 및 허가": "사료관리법에 따른 수입신고를 필함",
        "성분구성": "조단백질 11.00% 이상, 조지방 2.50% 이상, 조섬유 1.50% 이하, 조회분 2.50% 이하, 수분 82.00% 이하, 칼슘 0.20% 이상, 인 0.12% 이상",
        "현재 재고 수량": "5개",
        "소비자 상담 전화": "마마캣 고객센터 (1544-6141)",
        "제품 포장 유형": "비닐 파우치",
        "제품 보관방법": "직시광선을 피하고 서늘한곳에 보관하십시오"
    },
    {
        "id": 438,
        "name": "로우즈 캣 슈레디드 습식파우치 치킨 가슴살&코코넛 오일 69g",
        "image": "https://mamacat.co.kr/web/product/big/20200610/896feec71a6a2e99c27b193939d107d8.png",
        "가격정책": "마마캣 회원등급 할인 상품",
        "유통기한": "2023.07.09.",
        "정상 소비자가": "4,000원",
        "마마캣 판매가": "3,500원",
        "가장 높은 회원등급 할인 적용시 구매가": "3,330원 (최대 170원 할인)",
        "원산지": "태국",
        "제조자 | 수입자": "Rawz Natural Pet Food | (주)에이펙스",
        "사용 연령": "전연령 (2개월 이상)",
        "100g 가격": "4,666원",
        "포장단위별 용량, 수량": "69g",
        "법에 의한 인증 및 허가": "사료관리법에 따른 수입신고를 필함",
        "성분구성": "조단백질 11.00% 이상, 조지방 2.50% 이상, 조섬유 1.50% 이하, 조회분 2.50% 이하, 수분 82.00% 이하, 칼슘 0.20% 이상, 인 0.12% 이상",
        "현재 재고 수량": "14개",
        "소비자 상담 전화": "마마캣 고객센터 (1544-6141)",
        "제품 포장 유형": "비닐 파우치",
        "제품 보관방법": "직시광선을 피하고 서늘한곳에 보관하십시오"
    },
    {
        "id": 439,
        "name": "로우즈 캣 슈레디드 습식파우치 치킨 가슴살&호박,뉴질랜드 그린홍합 69g × 8개",
        "image": "https://mamacat.co.kr/web/product/big/20200610/1342cc728d2a8361f897ea9fa6cfbf47.jpg",
        "가격정책": "마마캣 회원등급 할인 상품",
        "유통기한": "2023.04.27.",
        "정상 소비자가": "32,000원",
        "마마캣 판매가": "27,020원",
        "가장 높은 회원등급 할인 적용시 구매가": "25,670원 (최대 1,350원 할인)",
        "원산지": "태국",
        "제조자 | 수입자": "Rawz Natural Pet Food | (주)에이펙스",
        "사용 연령": "전연령 (2개월 이상)",
        "100g 가격": "4,565원",
        "포장단위별 용량, 수량": "69g × 8개",
        "법에 의한 인증 및 허가": "사료관리법에 따른 수입신고를 필함",
        "성분구성": "조단백질 11.00% 이상, 조지방 1.50% 이상, 조섬유 1.50% 이하, 조회분 2.50% 이하, 수분 82.00% 이하, 칼슘 0.25% 이상, 인 0.15% 이상",
        "현재 재고 수량": "6개",
        "소비자 상담 전화": "마마캣 고객센터 (1544-6141)",
        "제품 포장 유형": "비닐 파우치",
        "제품 보관방법": "직시광선을 피하고 서늘한곳에 보관하십시오"
    },
    {
        "id": 440,
        "name": "로우즈 캣 슈레디드 습식파우치 치킨 가슴살&호박,뉴질랜드 그린홍합 69g",
        "image": "https://mamacat.co.kr/web/product/big/20200610/b182e0fedc3657ddb671332cce173b0d.png",
        "가격정책": "마마캣 회원등급 할인 상품",
        "유통기한": "2023.04.27.",
        "정상 소비자가": "4,000원",
        "마마캣 판매가": "3,500원",
        "가장 높은 회원등급 할인 적용시 구매가": "3,330원 (최대 170원 할인)",
        "원산지": "태국",
        "제조자 | 수입자": "Rawz Natural Pet Food | (주)에이펙스",
        "사용 연령": "전연령 (2개월 이상)",
        "100g 가격": "4,666원",
        "포장단위별 용량, 수량": "69g",
        "법에 의한 인증 및 허가": "사료관리법에 따른 수입신고를 필함",
        "성분구성": "조단백질 11.00% 이상, 조지방 1.50% 이상, 조섬유 1.50% 이하, 조회분 2.50% 이하, 수분 82.00% 이하, 칼슘 0.25% 이상, 인 0.15% 이상",
        "현재 재고 수량": "11개",
        "소비자 상담 전화": "마마캣 고객센터 (1544-6141)",
        "제품 포장 유형": "비닐 파우치",
        "제품 보관방법": "직시광선을 피하고 서늘한곳에 보관하십시오"
    },
    {
        "id": 441,
        "name": "로우즈 캣 슈레디드 주식캔 6종 맛보기 85g × 6개",
        "image": "https://mamacat.co.kr/web/product/big/20200610/9143e58a6b93a97126d3a6a984f4f895.png",
        "가격정책": "마마캣 회원등급 할인 상품",
        "정상 소비자가": "24,000원",
        "마마캣 판매가": "19,950원",
        "가장 높은 회원등급 할인 적용시 구매가": "18,960원 (최대 990원 할인)",
        "원산지": "태국",
        "제조자 | 수입자": "Rawz Natural Pet Food | (주)에이펙스",
        "사용 연령": "전연령 (2개월 이상)",
        "100g 가격": "3,705원",
        "포장단위별 용량, 수량": "85g × 6개",
        "법에 의한 인증 및 허가": "사료관리법에 따른 수입신고를 필함",
        "성분구성": "조단백질 11.00% 이상, 조지방 1.50% 이상, 조섬유 1.50% 이하, 조회분 2.00% 이하, 수분 82.00% 이하, 칼슘 0.30% 이상, 인 0.15% 이상 (6종 같음)",
        "현재 재고 수량": "10개",
        "소비자 상담 전화": "마마캣 고객센터 (1544-6141)",
        "제품 포장 유형": "캔",
        "제품 보관방법": "직시광선을 피하고 서늘한곳에 보관하십시오"
    },
    {
        "id": 442,
        "name": "로우즈 캣 슈레디드 주식캔 참치&연어 85g",
        "image": "https://mamacat.co.kr/web/product/big/20200610/d5b465cb8cea74e0664fb8d99e2bb02b.png",
        "가격정책": "마마캣 회원등급 할인 상품",
        "유통기한": "2023.07.05.",
        "정상 소비자가": "4,000원",
        "마마캣 판매가": "3,500원",
        "가장 높은 회원등급 할인 적용시 구매가": "3,330원 (최대 170원 할인)",
        "원산지": "태국",
        "제조자 | 수입자": "Rawz Natural Pet Food | (주)에이펙스",
        "사용 연령": "전연령 (2개월 이상)",
        "100g 가격": "3,741원",
        "포장단위별 용량, 수량": "85g",
        "법에 의한 인증 및 허가": "사료관리법에 따른 수입신고를 필함",
        "성분구성": "조단백질 11.00% 이상, 조지방 1.50% 이상, 조섬유 1.50% 이하, 조회분 2.00% 이하, 수분 82.00% 이하, 칼슘 0.30% 이상, 인 0.15% 이상",
        "현재 재고 수량": "16개",
        "소비자 상담 전화": "마마캣 고객센터 (1544-6141)",
        "제품 포장 유형": "캔",
        "제품 보관방법": "직시광선을 피하고 서늘한곳에 보관하십시오"
    },
    {
        "id": 443,
        "name": "로우즈 캣 슈레디드 주식캔 참치&치킨 85g",
        "image": "https://mamacat.co.kr/web/product/big/20200610/7d0c57195c8a29f203cc462f5db14327.png",
        "가격정책": "마마캣 회원등급 할인 상품",
        "유통기한": "2023.07.05.",
        "정상 소비자가": "4,000원",
        "마마캣 판매가": "3,500원",
        "가장 높은 회원등급 할인 적용시 구매가": "3,330원 (최대 170원 할인)",
        "원산지": "태국",
        "제조자 | 수입자": "Rawz Natural Pet Food | (주)에이펙스",
        "사용 연령": "전연령 (2개월 이상)",
        "100g 가격": "3,741원",
        "포장단위별 용량, 수량": "85g",
        "법에 의한 인증 및 허가": "사료관리법에 따른 수입신고를 필함",
        "성분구성": "조단백질 11.00% 이상, 조지방 1.50% 이상, 조섬유 1.50% 이하, 조회분 2.00% 이하, 수분 82.00% 이하, 칼슘 0.30% 이상, 인 0.15% 이상",
        "현재 재고 수량": "14개",
        "소비자 상담 전화": "마마캣 고객센터 (1544-6141)",
        "제품 포장 유형": "캔",
        "제품 보관방법": "직시광선을 피하고 서늘한곳에 보관하십시오"
    },
    {
        "id": 444,
        "name": "로우즈 캣 슈레디드 주식캔 치킨 85g",
        "image": "https://mamacat.co.kr/web/product/big/20200610/88a57c33a37e4afd1105e6969c42ea1f.png",
        "가격정책": "마마캣 회원등급 할인 상품",
        "유통기한": "2023.07.05.",
        "정상 소비자가": "4,000원",
        "마마캣 판매가": "3,500원",
        "가장 높은 회원등급 할인 적용시 구매가": "3,330원 (최대 170원 할인)",
        "원산지": "태국",
        "제조자 | 수입자": "Rawz Natural Pet Food | (주)에이펙스",
        "사용 연령": "전연령 (2개월 이상)",
        "100g 가격": "3,741원",
        "포장단위별 용량, 수량": "85g",
        "법에 의한 인증 및 허가": "사료관리법에 따른 수입신고를 필함",
        "성분구성": "조단백질 11.00% 이상, 조지방 1.50% 이상, 조섬유 1.50% 이하, 조회분 2.00% 이하, 수분 82.00% 이하, 칼슘 0.30% 이상, 인 0.15% 이상",
        "현재 재고 수량": "17개",
        "소비자 상담 전화": "마마캣 고객센터 (1544-6141)",
        "제품 포장 유형": "캔",
        "제품 보관방법": "직시광선을 피하고 서늘한곳에 보관하십시오"
    },
    {
        "id": 445,
        "name": "로우즈 캣 슈레디드 주식캔 치킨&오리 85g",
        "image": "https://mamacat.co.kr/web/product/big/20200610/119e45659a2c910a865db189ab6eac4d.png",
        "가격정책": "마마캣 회원등급 할인 상품",
        "유통기한": "2023.06.26.",
        "정상 소비자가": "4,000원",
        "마마캣 판매가": "3,500원",
        "가장 높은 회원등급 할인 적용시 구매가": "3,330원 (최대 170원 할인)",
        "원산지": "태국",
        "제조자 | 수입자": "Rawz Natural Pet Food | (주)에이펙스",
        "사용 연령": "전연령 (2개월 이상)",
        "100g 가격": "3,741원",
        "포장단위별 용량, 수량": "85g",
        "법에 의한 인증 및 허가": "사료관리법에 따른 수입신고를 필함",
        "성분구성": "조단백질 11.00% 이상, 조지방 1.50% 이상, 조섬유 1.50% 이하, 조회분 2.00% 이하, 수분 82.00% 이하, 칼슘 0.30% 이상, 인 0.15% 이상",
        "현재 재고 수량": "29개",
        "소비자 상담 전화": "마마캣 고객센터 (1544-6141)",
        "제품 포장 유형": "캔",
        "제품 보관방법": "직시광선을 피하고 서늘한곳에 보관하십시오"
    },
    {
        "id": 446,
        "name": "로우즈 캣 슈레디드 주식캔 치킨&치킨 간 85g",
        "image": "https://mamacat.co.kr/web/product/big/20200610/b8428d92395e5dbf8ca4687bad6e8a22.png",
        "가격정책": "마마캣 회원등급 할인 상품",
        "유통기한": "2023.07.05.",
        "정상 소비자가": "4,000원",
        "마마캣 판매가": "3,500원",
        "가장 높은 회원등급 할인 적용시 구매가": "3,330원 (최대 170원 할인)",
        "원산지": "태국",
        "제조자 | 수입자": "Rawz Natural Pet Food | (주)에이펙스",
        "사용 연령": "전연령 (2개월 이상)",
        "100g 가격": "3,741원",
        "포장단위별 용량, 수량": "85g",
        "법에 의한 인증 및 허가": "사료관리법에 따른 수입신고를 필함",
        "성분구성": "조단백질 11.00% 이상, 조지방 1.50% 이상, 조섬유 1.50% 이하, 조회분 2.00% 이하, 수분 82.00% 이하, 칼슘 0.30% 이상, 인 0.15% 이상",
        "현재 재고 수량": "23개",
        "소비자 상담 전화": "마마캣 고객센터 (1544-6141)",
        "제품 포장 유형": "캔",
        "제품 보관방법": "직시광선을 피하고 서늘한곳에 보관하십시오"
    },
    {
        "id": 447,
        "name": "로우즈 캣 슈레디드 주식캔 치킨&호박 85g",
        "image": "https://mamacat.co.kr/web/product/big/20200610/534c840dedaa2f4e7db66a4275256353.png",
        "가격정책": "마마캣 회원등급 할인 상품",
        "유통기한": "2023.06.26.",
        "정상 소비자가": "4,000원",
        "마마캣 판매가": "3,500원",
        "가장 높은 회원등급 할인 적용시 구매가": "3,330원 (최대 170원 할인)",
        "원산지": "태국",
        "제조자 | 수입자": "Rawz Natural Pet Food | (주)에이펙스",
        "사용 연령": "전연령 (2개월 이상)",
        "100g 가격": "3,741원",
        "포장단위별 용량, 수량": "85g",
        "법에 의한 인증 및 허가": "사료관리법에 따른 수입신고를 필함",
        "성분구성": "조단백질 11.00% 이상, 조지방 1.50% 이상, 조섬유 1.50% 이하, 조회분 2.00% 이하, 수분 82.00% 이하, 칼슘 0.30% 이상, 인 0.15% 이상",
        "현재 재고 수량": "15개",
        "소비자 상담 전화": "마마캣 고객센터 (1544-6141)",
        "제품 포장 유형": "캔",
        "제품 보관방법": "직시광선을 피하고 서늘한곳에 보관하십시오"
    },
    {
        "id": 448,
        "name": "로우즈 캣 주식캔 치킨&청어 파테 155g",
        "image": "https://mamacat.co.kr/web/product/big/20191127/2c70c7cfb34e5fce3796737189f89a25.jpg",
        "가격정책": "마마캣 회원등급 할인 상품",
        "유통기한": "2023.04.27.",
        "정상 소비자가": "5,000원",
        "마마캣 판매가": "4,500원",
        "원산지": "미국",
        "제조자 | 수입자": "Rawz Natural Pet Food | (주)에이펙스",
        "사용 연령": "전연령 (2개월 이상)",
        "포장단위별 용량, 수량": "155g",
        "법에 의한 인증 및 허가": "사료관리법에 따른 수입신고를 필함",
        "원료구성": "닭고기,닭고기 육수,닭고기 간,청어,염화칼륨,호로파 씨앗,천영 향,염화콜린,소금,채소 육수,타우린,아연 단백질 보충제,철분 단백질 보충제,니아신 화합물,비타민E화합물,구리 단백질 보충제,아셀렌산나트륨,비타민 B1질산염,망간 단백질 보충제 등",
        "성분구성": "조단백질 11.00%,조지방 7.00%,조섬유질 1.50%,회분 3.00%,수분 78.00%,칼슘 0.20%,인 0.1%",
        "색상": "청록색",
        "현재 재고 수량": "53개",
        "소비자 상담 전화": "마마캣 고객센터 (1544-6141)"
    },
    {
        "id": 449,
        "name": "로우즈 캣 주식캔 치킨&치킨 간 파테 155g",
        "image": "https://mamacat.co.kr/web/product/big/20191127/735f6e2ade2806d3dae43bba1c0830c7.jpg",
        "가격정책": "마마캣 회원등급 할인 상품",
        "유통기한": "2022.12",
        "정상 소비자가": "5,000원",
        "마마캣 판매가": "4,500원",
        "원산지": "미국",
        "제조자 | 수입자": "Rawz Natural Pet Food | (주)에이펙스",
        "사용 연령": "전연령 (2개월 이상)",
        "포장단위별 용량, 수량": "155g",
        "법에 의한 인증 및 허가": "사료관리법에 따른 수입신고를 필함",
        "원료구성": "신선한 닭고기,신선한 닭고기 간,닭고기 육수,염화칼륨,호로파 씨앗,천영 향,염화콜린,소금,채소 육수,타우린,아연 단백질 보충제,철분 단백질 보충제,니아신 화합물,비타민E화합물,구리 단백질 보충제,아셀렌산나트륨,비타민 B1질산염,망간 단백질 보충제 등",
        "성분구성": "조단백질 11.00%,0조지방 9.00%,조섬유질 1.00%,회분 2.50%,수분 78.00%,칼슘 0.20%,인 0.10%,마그네슘 0.05%",
        "색상": "연두색",
        "현재 재고 수량": "29개",
        "소비자 상담 전화": "마마캣 고객센터 (1544-6141)"
    },
    {
        "id": 450,
        "name": "로우즈 캣 주식캔 칠면조&칠면조 간 파테 155g",
        "image": "https://mamacat.co.kr/web/product/big/20191127/9c14f5c54da6e7e2214b01ca906efc0f.jpg",
        "가격정책": "마마캣 회원등급 할인 상품",
        "유통기한": "2023.06.20.",
        "정상 소비자가": "5,000원",
        "마마캣 판매가": "4,500원",
        "원산지": "미국",
        "제조자 | 수입자": "Rawz Natural Pet Food | (주)에이펙스",
        "사용 연령": "전연령 (2개월 이상)",
        "포장단위별 용량, 수량": "155g",
        "법에 의한 인증 및 허가": "사료관리법에 따른 수입신고를 필함",
        "원료구성": "신선한 칠면조,신선한 칠면조 간,칠면조 육수,염화칼륨,호로파 씨앗,천영 향,염화콜린,소금,채소 육수,타우린,아연 단백질 보충제,철분 단백질 보충제,니아신 화합물,비타민E화합물,구리 단백질 보충제,아셀렌산나트륨,비타민 B1질산염,망간 단백질 보충제 등",
        "성분구성": "조단백질 12.00%,조지방 9.50%,조섬유질 1.00%,회분 2.50%,수분 78.00%,칼슘 0.25%,인 0.20%,마그네슘 0.05%",
        "색상": "보라색",
        "현재 재고 수량": "24개",
        "소비자 상담 전화": "마마캣 고객센터 (1544-6141)"
    },
    {
        "id": 451,
        "name": "로우즈 캣 치킨&화이트피쉬 1.5kg",
        "image": "https://mamacat.co.kr/web/product/big/20200319/2dcf932810d8919aa4f79f77bbd60dcd.jpg",
        "상품 간략설명": "전연령 | 홀리스틱 (3273원/100g당)",
        "가격정책": "마마캣 회원등급 할인 상품",
        "유통기한": "2022.09.25.",
        "사료등급": "홀리스틱",
        "정상 소비자가": "55,000원",
        "마마캣 판매가": "49,100원",
        "가장 높은 회원등급 할인 적용시 구매가": "46,650원 (최대 2,450원 할인)",
        "원산지": "미국",
        "제조자 | 수입자": "Rawz Natural Pet Food | (주)에이펙스",
        "사용 연령": "전연령 (2개월 이상)",
        "100g 가격": "3273원",
        "포장단위별 용량, 수량": "1.5kg",
        "법에 의한 인증 및 허가": "사료관리법에 따른 수입신고를 필함",
        "원료구성": "연어,수분을 제거하고 뼈를 발라낸 닭고기,수분을 제거한 닭고기,흰살생선,칠면조간,완두콩 전분,말린 완두콩,타피오카 전분,말린 계란 제품,아마씨,천연 닭고기 향,말린 토마토 포마스,소금,염화콜린,염화칼륨,비타민,미네랄,로즈마리 추출물",
        "성분구성": "조단백질 40.0%이상, 조지방 12.0%이상, 조섬유 4.0%이하, 조회분 9.0%이하, 수분 10.0%이하, 칼슘 1.5%이상, 인 1.0%이상, 마그네슘 0.12%이하 등",
        "색상": "파란색",
        "현재 재고 수량": "3개",
        "소비자 상담 전화": "마마캣 고객센터 (1544-6141)",
        "제품 포장 유형": "통포장"
    },
    {
        "id": 452,
        "name": "로우즈 캣 치킨&화이트피쉬 3.5kg",
        "image": "https://mamacat.co.kr/web/product/big/20200319/ff8663f49d85b75b676950e05a6901d2.jpg",
        "상품 간략설명": "전연령 | 홀리스틱 (2443원/100g당)",
        "가격정책": "마마캣 회원등급 할인 상품",
        "유통기한": "2022.09.26.",
        "사료등급": "홀리스틱",
        "정상 소비자가": "95,000원",
        "마마캣 판매가": "85,500원",
        "가장 높은 회원등급 할인 적용시 구매가": "81,230원 (최대 4,270원 할인)",
        "원산지": "미국",
        "제조자 | 수입자": "Rawz Natural Pet Food | (주)에이펙스",
        "사용 연령": "전연령 (2개월 이상)",
        "100g 가격": "2443원",
        "포장단위별 용량, 수량": "3.5kg",
        "법에 의한 인증 및 허가": "사료관리법에 따른 수입신고를 필함",
        "원료구성": "연어,수분을 제거하고 뼈를 발라낸 닭고기,수분을 제거한 닭고기,흰살생선,칠면조간,완두콩 전분,말린 완두콩,타피오카 전분,말린 계란 제품,아마씨,천연 닭고기 향,말린 토마토 포마스,소금,염화콜린,염화칼륨,비타민,미네랄,로즈마리 추출물",
        "성분구성": "조단백질 40.0%이상, 조지방 12.0%이상, 조섬유 4.0%이하, 조회분 9.0%이하, 수분 10.0%이하, 칼슘 1.5%이상, 인 1.0%이상, 마그네슘 0.12%이하 등",
        "현재 재고 수량": "3개",
        "소비자 상담 전화": "마마캣 고객센터 (1544-6141)",
        "제품 포장 유형": "통포장"
    },
    {
        "id": 453,
        "name": "로우즈 캣 칠면조&치킨 0.79kg",
        "image": "https://mamacat.co.kr/web/product/big/20200319/3fee7385a173bb9f2c61c9061270f9da.jpg",
        "상품 간략설명": "전연령 | 홀리스틱 (3304원/100g당)",
        "가격정책": "마마캣 회원등급 할인 상품",
        "유통기한": "2023.03.09.",
        "사료등급": "홀리스틱",
        "정상 소비자가": "29,000원",
        "마마캣 판매가": "26,100원",
        "가장 높은 회원등급 할인 적용시 구매가": "24,800원 (최대 1,300원 할인)",
        "원산지": "미국",
        "제조자 | 수입자": "Rawz Natural Pet Food | (주)에이펙스",
        "사용 연령": "전연령 (2개월 이상)",
        "100g 가격": "3304원",
        "포장단위별 용량, 수량": "790g",
        "법에 의한 인증 및 허가": "사료관리법에 따른 수입신고를 필함",
        "원료구성": "수분을 제거한 신선한 닭고기, 수분을 제거하고 뼈를 발라낸 신선한 닭고기, 신선한 닭고기, 신선한 칠면조, 신선한 닭고기간, 신선한 칠면조간, 신선한 칠면조심장, 완두콩전분, 타피오카전분, 말린 완두콩 등",
        "성분구성": "조단백질 40.0% 이상, 조지방 12.0% 이상, 조섬유질 4.0% 이하, 조회분 9.0% 이하, 수분 10.0% 이하, 칼슘 1.50% 이상, 인 1.00% 이상 등",
        "색상": "초록색",
        "현재 재고 수량": "6개",
        "소비자 상담 전화": "마마캣 고객센터 (1544-6141)",
        "제품 포장 유형": "통포장"
    },
    {
        "id": 454,
        "name": "로우즈 캣 칠면조&치킨 1.5kg",
        "image": "https://mamacat.co.kr/web/product/big/20200319/07430937627c22343b42578df6fcd5a8.jpg",
        "상품 간략설명": "전연령 | 홀리스틱 (3107원/100g당)",
        "가격정책": "마마캣 회원등급 할인 상품",
        "유통기한": "2023.03.07.",
        "사료등급": "홀리스틱",
        "정상 소비자가": "52,000원",
        "마마캣 판매가": "46,600원",
        "가장 높은 회원등급 할인 적용시 구매가": "44,270원 (최대 2,330원 할인)",
        "원산지": "미국",
        "제조자 | 수입자": "Rawz Natural Pet Food | (주)에이펙스",
        "사용 연령": "전연령 (2개월 이상)",
        "100g 가격": "3107원",
        "포장단위별 용량, 수량": "1.5kg",
        "법에 의한 인증 및 허가": "사료관리법에 따른 수입신고를 필함",
        "원료구성": "수분을 제거한 신선한 닭고기, 수분을 제거하고 뼈를 발라낸 신선한 닭고기, 신선한 닭고기, 신선한 칠면조, 신선한 닭고기간, 신선한 칠면조간, 신선한 칠면조심장, 완두콩전분, 타피오카전분, 말린 완두콩 등",
        "성분구성": "조단백질 40.0% 이상, 조지방 12.0% 이상, 조섬유질 4.0% 이하, 조회분 9.0% 이하, 수분 10.0% 이하, 칼슘 1.50% 이상, 인 1.00% 이상 등",
        "색상": "초록색",
        "현재 재고 수량": "4개",
        "소비자 상담 전화": "마마캣 고객센터 (1544-6141)",
        "제품 포장 유형": "통포장"
    },
    {
        "id": 455,
        "name": "로우즈 캣 칠면조&치킨 3.5kg",
        "image": "https://mamacat.co.kr/web/product/big/20200319/3fee7385a173bb9f2c61c9061270f9da.jpg",
        "상품 간략설명": "전연령 | 홀리스틱 (2289원/100g당)",
        "가격정책": "마마캣 회원등급 할인 상품",
        "유통기한": "2022.03.09.",
        "사료등급": "홀리스틱",
        "정상 소비자가": "89,000원",
        "마마캣 판매가": "80,100원",
        "가장 높은 회원등급 할인 적용시 구매가": "76,100원 (최대 4,000원 할인)",
        "원산지": "미국",
        "제조자 | 수입자": "Rawz Natural Pet Food | (주)에이펙스",
        "사용 연령": "전연령 (2개월 이상)",
        "100g 가격": "2289원",
        "포장단위별 용량, 수량": "3.5kg",
        "법에 의한 인증 및 허가": "사료관리법에 따른 수입신고를 필함",
        "원료구성": "수분을 제거한 신선한 닭고기, 수분을 제거하고 뼈를 발라낸 신선한 닭고기, 신선한 닭고기, 신선한 칠면조, 신선한 닭고기간, 신선한 칠면조간, 신선한 칠면조심장, 완두콩전분, 타피오카전분, 말린 완두콩 등",
        "성분구성": "조단백질 40.0% 이상, 조지방 12.0% 이상, 조섬유질 4.0% 이하, 조회분 9.0% 이하, 수분 10.0% 이하, 칼슘 1.50% 이상, 인 1.00% 이상 등",
        "현재 재고 수량": "3개",
        "소비자 상담 전화": "마마캣 고객센터 (1544-6141)",
        "제품 포장 유형": "통포장"
    },
    {
        "id": 456,
        "name": "로투스 캣 주식캔 그레인프리 저스트 쥬시 2종 맛보기 70g × 2개",
        "image": "https://mamacat.co.kr/web/product/big/20191203/906433144e0795dd70ce6e1c644766e7.jpg",
        "가격정책": "최저마진",
        "유통기한": "각 제품의 상세페이지 참고",
        "정상 소비자가": "7,600원",
        "마마캣 판매가": "7,600원",
        "원산지": "미국",
        "제조자 | 수입자": "LOTUS PET FOODS | (주)산시아코리아",
        "사용 연령": "3개월 이상 추천",
        "100g 가격": "5,429원",
        "포장단위별 용량, 수량": "70g × 2개",
        "법에 의한 인증 및 허가": "사료관리법에 따른 수입신고를 필함",
        "원료구성": "각 상품 상세페이지 참고",
        "성분구성": "각 상품 상세페이지 참고",
        "현재 재고 수량": "9개",
        "소비자 상담 전화": "마마캣 고객센터 (1544-6141)"
    },
    {
        "id": 457,
        "name": "로투스 캣 주식캔 그레인프리 저스트 쥬시 2종 혼합 70g × 12개",
        "image": "https://mamacat.co.kr/web/product/big/20191203/325ecc5b9cba7b4e8d3502524ad210d6.jpg",
        "가격정책": "최저마진",
        "유통기한": "각 제품의 상세페이지 참고",
        "정상 소비자가": "45,600원",
        "마마캣 판매가": "40,320원",
        "원산지": "미국",
        "제조자 | 수입자": "LOTUS PET FOODS | (주)산시아코리아",
        "사용 연령": "3개월 이상 추천",
        "100g 가격": "4,800원",
        "포장단위별 용량, 수량": "70g × 12개",
        "법에 의한 인증 및 허가": "사료관리법에 따른 수입신고를 필함",
        "원료구성": "각 상품 상세페이지 참고",
        "성분구성": "각 상품 상세페이지 참고",
        "현재 재고 수량": "4개",
        "소비자 상담 전화": "마마캣 고객센터 (1544-6141)"
    },
    {
        "id": 458,
        "name": "로투스 캣 주식캔 그레인프리 저스트 쥬시 치킨 스튜 70g × 12개",
        "image": "https://mamacat.co.kr/web/product/big/20191203/a6df044d03f4ffd1e3183b3cb1363f28.jpg",
        "가격정책": "최저마진",
        "유통기한": "2022.12.10.",
        "정상 소비자가": "45,600원",
        "마마캣 판매가": "40,320원",
        "원산지": "미국",
        "제조자 | 수입자": "LOTUS PET FOODS | (주)산시아코리아",
        "사용 연령": "3개월 이상 추천",
        "100g 가격": "4,800원",
        "포장단위별 용량, 수량": "70g × 12개",
        "법에 의한 인증 및 허가": "사료관리법에 따른 수입신고를 필함",
        "원료구성": "닭고기, 닭고기스프, 감자전분, 젖산칼슘, 당근, 닭 지방, 모노소듐포스페이트, 아가라가르, 염화칼륨, 소금, 타우린, 산화마그네슘, 탄산칼슘, 염화콜린, 베타인, 아연 단백질 화합물, 철 단백질 화합물, 니아신, 비타민E, 티아민, 구리단백질화합물 등",
        "성분구성": "조단백질 13.0%이상, 조지방 3.0%이상, 조섬유 0.5%이하, 조회분 32.5%이하, 칼슘 0.15%이상, 인 0.15%이상, 수분 80.0%이하",
        "현재 재고 수량": "2개",
        "소비자 상담 전화": "마마캣 고객센터 (1544-6141)"
    },
    {
        "id": 459,
        "name": "로투스 캣 주식캔 그레인프리 저스트 쥬시 치킨 스튜 70g",
        "image": "https://mamacat.co.kr/web/product/big/20191203/5185d2e048fb1248968485bb1a16714a.jpg",
        "가격정책": "최저마진",
        "유통기한": "2022.12.10.",
        "정상 소비자가": "3,800원",
        "마마캣 판매가": "3,800원",
        "원산지": "미국",
        "제조자 | 수입자": "LOTUS PET FOODS | (주)산시아코리아",
        "사용 연령": "3개월 이상 추천",
        "100g 가격": "5,429원",
        "포장단위별 용량, 수량": "70g",
        "법에 의한 인증 및 허가": "사료관리법에 따른 수입신고를 필함",
        "원료구성": "닭고기, 닭고기스프, 감자전분, 젖산칼슘, 당근, 닭 지방, 모노소듐포스페이트, 아가라가르, 염화칼륨, 소금, 타우린, 산화마그네슘, 탄산칼슘, 염화콜린, 베타인, 아연 단백질 화합물, 철 단백질 화합물, 니아신, 비타민E, 티아민, 구리단백질화합물 등",
        "성분구성": "조단백질 13.0%이상, 조지방 3.0%이상, 조섬유 0.5%이하, 조회분 32.5%이하, 칼슘 0.15%이상, 인 0.15%이상, 수분 80.0%이하",
        "현재 재고 수량": "22개",
        "소비자 상담 전화": "마마캣 고객센터 (1544-6141)"
    },
    {
        "id": 460,
        "name": "로투스 캣 주식캔 그레인프리 저스트 쥬시 포크 스튜 150g × 6개",
        "image": "https://mamacat.co.kr/web/product/big/20191203/24a29f3a62f97fa1b747c6cbcf97fc06.jpg",
        "가격정책": "최저마진",
        "유통기한": "2022.10.24.",
        "정상 소비자가": "33,000원",
        "마마캣 판매가": "31,800원",
        "원산지": "미국",
        "제조자 | 수입자": "LOTUS PET FOODS | (주)산시아코리아",
        "사용 연령": "4개월 이상 추천",
        "100g 가격": "3,533원",
        "포장단위별 용량, 수량": "150g × 6개",
        "법에 의한 인증 및 허가": "사료관리법에 따른 수입신고를 필함",
        "원료구성": "돼지고기, 돼지고기 스프, 감자전분, 젖산칼슘, 당근, 올리브오일, 모노소듐포스페이트, 소금, 아가라가르, 해바라기 오일, 염화칼륨, 타우린, 산화마그네슘, 탄산칼슘, 염화콜린, 베타인, 아연 단백질 화합물, 철 단백질 화합물, 니아신, 비타민E, 티아민 등",
        "성분구성": "조단백 13.0%이상, 조지방 3.0%이상, 조섬유 0.5%이하, 조회분 2.5%이하, 칼슘 0.15%이상, 인 0.15%이상, 수분 80%이하",
        "현재 재고 수량": "10개",
        "소비자 상담 전화": "마마캣 고객센터 (1544-6141)"
    },
    {
        "id": 461,
        "name": "로투스 캣 주식캔 그레인프리 저스트 쥬시 포크 스튜 150g",
        "image": "https://mamacat.co.kr/web/product/big/20191203/09bcc2c3ef67b525f81768ecaad6bfbb.jpg",
        "가격정책": "최저마진",
        "유통기한": "2022.10.24.",
        "정상 소비자가": "5,000원",
        "마마캣 판매가": "5,300원",
        "원산지": "미국",
        "제조자 | 수입자": "LOTUS PET FOODS | (주)산시아코리아",
        "사용 연령": "4개월 이상 추천",
        "100g 가격": "3,533원",
        "포장단위별 용량, 수량": "150g",
        "법에 의한 인증 및 허가": "사료관리법에 따른 수입신고를 필함",
        "원료구성": "돼지고기, 돼지고기 스프, 감자전분, 젖산칼슘, 당근, 올리브오일, 모노소듐포스페이트, 소금, 아가라가르, 해바라기 오일, 염화칼륨, 타우린, 산화마그네슘, 탄산칼슘, 염화콜린, 베타인, 아연 단백질 화합물, 철 단백질 화합물, 니아신, 비타민E, 티아민 등",
        "성분구성": "조단백 13.0%이상, 조지방 3.0%이상, 조섬유 0.5%이하, 조회분 2.5%이하, 칼슘 0.15%이상, 인 0.15%이상, 수분 80%이하",
        "현재 재고 수량": "11개",
        "소비자 상담 전화": "마마캣 고객센터 (1544-6141)"
    },
    {
        "id": 462,
        "name": "로투스 캣 주식캔 그레인프리 저스트 쥬시 포크 스튜 70g × 12개",
        "image": "https://mamacat.co.kr/web/product/big/20191203/687488c4f0a7a5e0cd733631bdcb989f.jpg",
        "가격정책": "최저마진",
        "유통기한": "2023.12.08.",
        "정상 소비자가": "45,600원",
        "마마캣 판매가": "40,320원",
        "원산지": "미국",
        "제조자 | 수입자": "LOTUS PET FOODS | (주)산시아코리아",
        "사용 연령": "3개월 이상 추천",
        "100g 가격": "4,800원",
        "포장단위별 용량, 수량": "70g × 12개",
        "법에 의한 인증 및 허가": "사료관리법에 따른 수입신고를 필함",
        "원료구성": "돼지고기, 돼지고기 스프, 감자전분, 젖산칼슘, 당근, 올리브오일, 모노소듐포스페이트, 소금, 아가라가르, 해바라기 오일, 염화칼륨, 타우린, 산화마그네슘, 탄산칼슘, 염화콜린, 베타인, 아연 단백질 화합물, 철 단백질 화합물, 니아신, 비타민E, 티아민 등",
        "성분구성": "조단백 13.0%이상, 조지방 3.0%이상, 조섬유 0.5%이하, 조회분 2.5%이하, 칼슘 0.15%이상, 인 0.15%이상, 수분 80%이하",
        "현재 재고 수량": "18개",
        "소비자 상담 전화": "마마캣 고객센터 (1544-6141)"
    },
    {
        "id": 463,
        "name": "로투스 캣 주식캔 그레인프리 저스트 쥬시 포크 스튜 70g",
        "image": "https://mamacat.co.kr/web/product/big/20191203/0e8ed2f892facd023b5878b96cdeff90.jpg",
        "가격정책": "최저마진",
        "유통기한": "2023.12.08.",
        "정상 소비자가": "3,800원",
        "마마캣 판매가": "3,800원",
        "원산지": "미국",
        "제조자 | 수입자": "LOTUS PET FOODS | (주)산시아코리아",
        "사용 연령": "3개월 이상 추천",
        "100g 가격": "5,429원",
        "포장단위별 용량, 수량": "70g",
        "법에 의한 인증 및 허가": "사료관리법에 따른 수입신고를 필함",
        "원료구성": "돼지고기, 돼지고기 스프, 감자전분, 젖산칼슘, 당근, 올리브오일, 모노소듐포스페이트, 소금, 아가라가르, 해바라기 오일, 염화칼륨, 타우린, 산화마그네슘, 탄산칼슘, 염화콜린, 베타인, 아연 단백질 화합물, 철 단백질 화합물, 니아신, 비타민E, 티아민 등",
        "성분구성": "조단백 13.0%이상, 조지방 3.0%이상, 조섬유 0.5%이하, 조회분 2.5%이하, 칼슘 0.15%이상, 인 0.15%이상, 수분 80%이하",
        "현재 재고 수량": "14개",
        "소비자 상담 전화": "마마캣 고객센터 (1544-6141)"
    },
    {
        "id": 464,
        "name": "마리아 캣 주식파우치 닭고기와 가쓰오부시 in 그레이비 70g",
        "image": "https://mamacat.co.kr/web/product/big/201909/f1fe27147a3cbc3950063a8d2456111e.jpg",
        "가격정책": "마마캣 회원등급 할인 상품",
        "유통기한": "2022.06.06.",
        "정상 소비자가": "3,000원",
        "마마캣 판매가": "2,500원",
        "가장 높은 회원등급 할인 적용시 구매가": "2,380원 (최대 120원 할인)",
        "원산지": "태국",
        "제조자 | 수입자": "아이앤지메딕스",
        "사용 연령": "전연령(생후 3개월이상)",
        "100g 가격": "3,571원",
        "포장단위별 용량, 수량": "70g",
        "법에 의한 인증 및 허가": "사료관리법에 따른 수입신고를 필함",
        "원료구성": "닭고기,가츠오부시,구아검,프락토올리고당",
        "성분구성": "조단백질11.0%이상,조지방0.5%이상,칼슘0.01%이상,인0.05%이상,조섬유0.5%이하,조회분1.9%이하,수분87.5%이하",
        "현재 재고 수량": "117개",
        "소비자 상담 전화": "마마캣 고객센터 (1544-6141)"
    },
    {
        "id": 465,
        "name": "마리아 캣 주식파우치 닭고기와 연어 in 그레이비 70g",
        "image": "https://mamacat.co.kr/web/product/big/201909/a94153859ba46893af977b9e9cc23877.jpg",
        "가격정책": "마마캣 회원등급 할인 상품",
        "유통기한": "2022.06.05.",
        "정상 소비자가": "3,000원",
        "마마캣 판매가": "2,500원",
        "가장 높은 회원등급 할인 적용시 구매가": "2,380원 (최대 120원 할인)",
        "원산지": "태국",
        "제조자 | 수입자": "아이앤지메딕스",
        "사용 연령": "전연령(생후 3개월이상)",
        "100g 가격": "3,571원",
        "포장단위별 용량, 수량": "70g",
        "법에 의한 인증 및 허가": "사료관리법에 따른 수입신고를 필함",
        "원료구성": "닭고기, 연어, 구아검, 프락토올리고당",
        "성분구성": "조단백질11.0%이상, 조지방 0.5%이상, 칼슘 0.01%이상, 인 0.05%이상, 조섬유 0.5%이하, 조회분 1.9%이하, 수분 87.5%이하",
        "현재 재고 수량": "35개",
        "소비자 상담 전화": "마마캣 고객센터 (1544-6141)"
    },
    {
        "id": 466,
        "name": "마프 주식캔 2종 맛보기 100g × 2개",
        "image": "https://mamacat.co.kr/web/product/big/20200615/75a3c6b8a2bc5d8f6ddff7b106475c5b.png",
        "가격정책": "마마캣 회원등급 할인 상품",
        "정상 소비자가": "6,000원",
        "마마캣 판매가": "5,700원",
        "가장 높은 회원등급 할인 적용시 구매가": "5,420원 (최대 280원 할인)",
        "원산지": "독일",
        "제조자 | 수입자": "LandguthHeimtiernahrung | 나누리펫",
        "사용 연령": "전연령 (3개월 이후)",
        "100g 가격": "2,850원",
        "포장단위별 용량, 수량": "100g × 2개",
        "법에 의한 인증 및 허가": "사료관리법에 따른 수입신고를 필함",
        "원료구성": "닭고기 70%(닭고기, 닭심장, 닭간, 닭위), 닭육수 29%, 미네랄 1%",
        "성분구성": "조단백질 10.3%이상, 조지방 5.2%이상, 조섬유 0.5%이하, 조회분 2.5%이하, 칼슘 0.1%이상, 인 0.1%이상, 수분 80%이하",
        "현재 재고 수량": "19개",
        "소비자 상담 전화": "마마캣 고객센터 (1544-6141)",
        "제품 보관방법": "직사광선을 피해 건조하고 서늘한 곳에 보관"
    },
    {
        "id": 467,
        "name": "마프 주식캔 연어 100g",
        "image": "https://mamacat.co.kr/web/product/big/20200615/089088fbf64b4eafe06118be47745675.png",
        "가격정책": "마마캣 회원등급 할인 상품",
        "유통기한": "2021.12.",
        "정상 소비자가": "3,000원",
        "마마캣 판매가": "2,880원",
        "가장 높은 회원등급 할인 적용시 구매가": "2,740원 (최대 140원 할인)",
        "원산지": "독일",
        "제조자 | 수입자": "LandguthHeimtiernahrung | 나누리펫",
        "사용 연령": "전연령 (3개월 이후)",
        "100g 가격": "2,880원",
        "포장단위별 용량, 수량": "100g",
        "법에 의한 인증 및 허가": "성분등록번호 : 제ZZEYE0004호",
        "원료구성": "연어살 70%, 연어수육 29%, 미네랄1%",
        "성분구성": "조단백질 9.8%이상, 조지방 8%이상, 조섬유 0.4%이하, 조회분 3%이하, 칼슘 0.4%이상, 인 0.1%이상, 수분 78%이하",
        "현재 재고 수량": "21개",
        "소비자 상담 전화": "마마캣 고객센터 (1544-6141)",
        "제품 보관방법": "직사광선을 피해 건조하고 서늘한 곳에 보관"
    },
    {
        "id": 468,
        "name": "마프 주식캔 치킨 100g",
        "image": "https://mamacat.co.kr/web/product/big/20200615/77122eaf3f017684ef2245c6fef4675e.png",
        "가격정책": "마마캣 회원등급 할인 상품",
        "유통기한": "2022.11.",
        "정상 소비자가": "3,000원",
        "마마캣 판매가": "2,880원",
        "가장 높은 회원등급 할인 적용시 구매가": "2,740원 (최대 140원 할인)",
        "원산지": "독일",
        "제조자 | 수입자": "LandguthHeimtiernahrung | 나누리펫",
        "사용 연령": "전연령 (3개월 이후)",
        "100g 가격": "2,880원",
        "포장단위별 용량, 수량": "100g",
        "법에 의한 인증 및 허가": "성분등록번호 : 제ZZEYE0005호",
        "원료구성": "닭고기 70%(닭고기, 닭심장, 닭간, 닭위), 닭육수 29%, 미네랄 1%",
        "성분구성": "조단백질 10.3%이상, 조지방 5.2%이상, 조섬유 0.5%이하, 조회분 2.5%이하, 칼슘 0.1%이상, 인 0.1%이상, 수분 80%이하",
        "현재 재고 수량": "22개",
        "소비자 상담 전화": "마마캣 고객센터 (1544-6141)",
        "제품 보관방법": "직사광선을 피해 건조하고 서늘한 곳에 보관"
    },
    {
        "id": 469,
        "name": "맘블레스 캣 그레인프리 체중조절 1.2kg",
        "image": "https://mamacat.co.kr/web/product/big/202008/59047a4a1fe000bb9a927eb12d0a4c18.jpg",
        "상품 간략설명": "전연령 | 홀리스틱 (1166원/100g당)",
        "가격정책": "마마캣 회원등급 할인 상품",
        "유통기한": "2021.12.04",
        "사료등급": "홀리스틱",
        "정상 소비자가": "20,000원",
        "마마캣 판매가": "14,000원",
        "가장 높은 회원등급 할인 적용시 구매가": "13,300원 (최대 700원 할인)",
        "원산지": "대한민국",
        "제조자 | 수입자": "㈜에이티바이오",
        "사용 연령": "전연령 (3개월 이상)",
        "100g 가격": "1,166원",
        "포장단위별 용량, 수량": "200g × 6개 (총 1.2kg)",
        "법에 의한 인증 및 허가": "성분등록번호 : 제55VYY0019호",
        "원료구성": "오리고기(오리고기분말), 타피오카전분, 정제닭기름, 가수분해닭고기, 비트펄프, 가르시니아캄보지아추출물(GCE), L-카르니틴, 녹색입홍합(GLM), 유카추출물, 싱이유황(MSM), 프락토올리고당(FOS), 당근, 파슬리, 다시마, 블루베리 등",
        "성분구성": "조단백질 30%이상, 조지방 10%이상, 칼슘 0.7%이상, 인 0.6%이상, 조섬유 10%이하, 조회분 11%이하, 수분 13%이하",
        "현재 재고 수량": "8개",
        "소비자 상담 전화": "마마캣 고객센터(1588-6141)",
        "제품 포장 유형": "200g 소분포장 (200g × 6개)",
        "권장 급여량": "(1일) 1.5kg 이하 : 25~35g 1.5~2.5kg : 35~45g 2.5~3.5kg : 45~55g 3.5~4.5kg : 55~65g 4.5~5.5kg : 65~75g 5.5~6.5kg : 75~85g",
        "제품 보관방법": "직사광선 및 해충을 피해 서늘한 곳에 보관하십시오"
    },
    {
        "id": 470,
        "name": "맘블레스 캣 그레인프리 피부모질 1.2kg",
        "image": "https://mamacat.co.kr/web/product/big/202008/76feef1f633180d10f9f570b76c4152f.jpg",
        "상품 간략설명": "전연령 | 홀리스틱 (1166원/100g당)",
        "가격정책": "마마캣 회원등급 할인 상품",
        "유통기한": "2021.12.04",
        "사료등급": "홀리스틱",
        "정상 소비자가": "20,000원",
        "마마캣 판매가": "14,000원",
        "가장 높은 회원등급 할인 적용시 구매가": "13,300원 (최대 700원 할인)",
        "원산지": "대한민국",
        "제조자 | 수입자": "㈜에이티바이오",
        "사용 연령": "전연령 (3개월 이상)",
        "100g 가격": "1,166원",
        "포장단위별 용량, 수량": "200g × 6개 (총 1.2kg)",
        "법에 의한 인증 및 허가": "성분등록번호 : 제55VYY0018호",
        "원료구성": "연어(연어분말), 타피오카전분, 연어유, 가수분해닭고기, 비트펄프, 아마씨, 오메가3지방산, 베타글루칸, 아스타잔틴, 프락토올리고당(FOS), 유카추출물, 당근, 파슬리, 다시마, 블루베리, 비타민합제 (비타민A, B12, D, E등)",
        "성분구성": "조단백질 32%이상, 조지방 12%이상, 칼슘 0.7%이상, 인 0.6%이상, 조섬유 10%이하, 조회분 11%이하, 수분 13%이하",
        "현재 재고 수량": "12개",
        "소비자 상담 전화": "마마캣 고객센터(1588-6141)",
        "제품 포장 유형": "200g 소분포장 (200g × 6개)",
        "권장 급여량": "(1일) 1.5kg 이하 : 25~35g 1.5~2.5kg : 35~45g 2.5~3.5kg : 45~55g 3.5~4.5kg : 55~65g 4.5~5.5kg : 65~75g 5.5~6.5kg : 75~85g",
        "제품 보관방법": "직사광선 및 해충을 피해 서늘한 곳에 보관하십시오"
    },
    {
        "id": 471,
        "name": "맘블레스 캣 그레인프리 헤어볼 1.2kg",
        "image": "https://mamacat.co.kr/web/product/big/202008/6991ac8272459ea88ca562ade52b9b36.jpg",
        "상품 간략설명": "전연령 | 홀리스틱 (1083원/100g당)",
        "가격정책": "마마캣 회원등급 할인 상품",
        "유통기한": "2021.12.04",
        "사료등급": "홀리스틱",
        "정상 소비자가": "20,000원",
        "마마캣 판매가": "13,000원",
        "가장 높은 회원등급 할인 적용시 구매가": "12,350원 (최대 650원 할인)",
        "원산지": "대한민국",
        "제조자 | 수입자": "㈜에이티바이오",
        "사용 연령": "전연령 (3개월 이상)",
        "100g 가격": "1,083원",
        "포장단위별 용량, 수량": "200g × 6개 (총 1.2kg)",
        "법에 의한 인증 및 허가": "성분등록번호 : 제55VYY0018호",
        "원료구성": "양고기(양고기분말), 타피오카전분, 정제닭기름, 가수분해닭고기, 비트펄프, 셀룰로오스, 프락토올리고당(FOS), 효모, 베타글루칸, 유카추출물, 식이유황(MSM), 당근, 파슬리, 다시마, 블루베리, 비타민합제(비타민A, B12, D, E등)",
        "성분구성": "조단백질 32%이상, 조지방 12%이상, 칼슘 0.7%이상, 인 0.6%이상, 조섬유 10%이하, 조회분 11%이하, 수분 13%이하",
        "현재 재고 수량": "6개",
        "소비자 상담 전화": "마마캣 고객센터(1588-6141)",
        "제품 포장 유형": "200g 소분포장 (200g × 6개)",
        "권장 급여량": "(1일) 1.5kg 이하 : 25~35g 1.5~2.5kg : 35~45g 2.5~3.5kg : 45~55g 3.5~4.5kg : 55~65g 4.5~5.5kg : 65~75g 5.5~6.5kg : 75~85g",
        "제품 보관방법": "직사광선 및 해충을 피해 서늘한 곳에 보관하십시오"
    },
    {
        "id": 472,
        "name": "미유믹스 캣 주식캔 8종 맛보기 78g × 8개",
        "image": "https://mamacat.co.kr/web/product/big/202007/0d88c3bfe50f16165666d7dfa705fa4b.jpg",
        "가격정책": "마마캣 회원등급 할인 상품",
        "유통기한": "각 상품 상세페이지 참고",
        "정상 소비자가": "13,600원",
        "마마캣 판매가": "10,030원",
        "가장 높은 회원등급 할인 적용시 구매가": "9,530원 (최대 500원 할인)",
        "원산지": "태국",
        "제조자 | 수입자": "Big Heart Pet Brands | 펫월드",
        "사용 연령": "12개월 이상 성묘",
        "100g 가격": "1,699원",
        "포장단위별 용량, 수량": "78g × 8개",
        "법에 의한 인증 및 허가": "사료관리법에 따른 수입신고를 필함",
        "원료구성": "각 상품 상세페이지 참고",
        "성분구성": "각 상품 상세페이지 참고",
        "현재 재고 수량": "14개",
        "소비자 상담 전화": "마마캣 고객센터 (1544-6141)"
    },
    {
        "id": 473,
        "name": "미유믹스 캣 주식캔 리얼 연어&게살 78g × 12개",
        "image": "https://mamacat.co.kr/web/product/big/20191203/3b51cd09ff3e6e590953266dcde815fe.jpg",
        "가격정책": "마마캣 회원등급 할인 상품",
        "유통기한": "2023.01.15.",
        "정상 소비자가": "20,400원",
        "마마캣 판매가": "14,280원",
        "가장 높은 회원등급 할인 적용시 구매가": "13,570원 (최대 710원 할인)",
        "원산지": "태국",
        "제조자 | 수입자": "Big Heart Pet Brands | 펫월드",
        "사용 연령": "12개월 이상 성묘",
        "100g 가격": "1,385원",
        "포장단위별 용량, 수량": "78g × 12개",
        "법에 의한 인증 및 허가": "사료관리법에 따른 수입신고를 필함",
        "원료구성": "참치, 생선육수, 연어, 게살",
        "성분구성": "조단백 12.0% 이상, 조지방 1.8% 이하, 조섬유 1.5% 이하, 조회분 3.0% 이하, 칼슘 0.14% 이상, 인 0.23% 이하",
        "현재 재고 수량": "6개",
        "소비자 상담 전화": "마마캣 고객센터 (1544-6141)"
    },
    {
        "id": 474,
        "name": "미유믹스 캣 주식캔 리얼 연어&게살 78g",
        "image": "https://mamacat.co.kr/web/product/big/20191203/f48d9e574ab768db3ec9fdeced2c3e40.jpg",
        "가격정책": "마마캣 회원등급 할인 상품",
        "유통기한": "2023.01.15.",
        "정상 소비자가": "1,700원",
        "마마캣 판매가": "1,190원",
        "가장 높은 회원등급 할인 적용시 구매가": "1,140원 (최대 50원 할인)",
        "원산지": "태국",
        "제조자 | 수입자": "Big Heart Pet Brands | 펫월드",
        "사용 연령": "12개월 이상 성묘",
        "100g 가격": "1,731원",
        "포장단위별 용량, 수량": "78g",
        "법에 의한 인증 및 허가": "사료관리법에 따른 수입신고를 필함",
        "원료구성": "참치, 생선육수, 연어, 게살",
        "성분구성": "조단백 12.0% 이상, 조지방 1.8% 이하, 조섬유 1.5% 이하, 조회분 3.0% 이하, 칼슘 0.14% 이상, 인 0.23% 이하",
        "현재 재고 수량": "31개",
        "소비자 상담 전화": "마마캣 고객센터 (1544-6141)"
    },
    {
        "id": 475,
        "name": "미유믹스 캣 주식캔 리얼 참치&새우 78g × 12개",
        "image": "https://mamacat.co.kr/web/product/big/20191203/e562f0a9588e2a410bef930219e4637a.jpg",
        "가격정책": "마마캣 회원등급 할인 상품",
        "유통기한": "2023.01.14.",
        "정상 소비자가": "20,400원",
        "마마캣 판매가": "14,280원",
        "가장 높은 회원등급 할인 적용시 구매가": "13,570원 (최대 710원 할인)",
        "원산지": "태국",
        "제조자 | 수입자": "Big Heart Pet Brands | 펫월드",
        "사용 연령": "12개월 이상 성묘",
        "100g 가격": "1,385원",
        "포장단위별 용량, 수량": "78g × 12개",
        "법에 의한 인증 및 허가": "사료관리법에 따른 수입신고를 필함",
        "원료구성": "참치, 생선육수, 바다생선",
        "성분구성": "조단백 12.0% 이상, 조지방 1.8% 이하, 조섬유 1.5% 이하, 조회분 3.0% 이하, 칼슘 0.1% 이상, 인 0.21% 이하",
        "현재 재고 수량": "3개",
        "소비자 상담 전화": "마마캣 고객센터 (1544-6141)"
    },
    {
        "id": 476,
        "name": "미유믹스 캣 주식캔 리얼 참치&새우 78g",
        "image": "https://mamacat.co.kr/web/product/big/20191203/e99bb13d601e105461bb12f052fcd817.jpg",
        "가격정책": "마마캣 회원등급 할인 상품",
        "유통기한": "2023.01.14.",
        "정상 소비자가": "1,700원",
        "마마캣 판매가": "1,190원",
        "가장 높은 회원등급 할인 적용시 구매가": "1,140원 (최대 50원 할인)",
        "원산지": "태국",
        "제조자 | 수입자": "Big Heart Pet Brands | 펫월드",
        "사용 연령": "12개월 이상 성묘",
        "100g 가격": "1,731원",
        "포장단위별 용량, 수량": "78g",
        "법에 의한 인증 및 허가": "사료관리법에 따른 수입신고를 필함",
        "원료구성": "참치, 생선육수, 바다생선",
        "성분구성": "조단백 12.0% 이상, 조지방 1.8% 이하, 조섬유 1.5% 이하, 조회분 3.0% 이하, 칼슘 0.1% 이상, 인 0.21% 이하",
        "현재 재고 수량": "19개",
        "소비자 상담 전화": "마마캣 고객센터 (1544-6141)"
    },
    {
        "id": 477,
        "name": "미유믹스 캣 주식캔 리얼 치킨 78g × 12개",
        "image": "https://mamacat.co.kr/web/product/big/20191203/faf5a67d4ccde02e03f2676b0badf40e.jpg",
        "가격정책": "마마캣 회원등급 할인 상품",
        "유통기한": "2023.07.16.",
        "정상 소비자가": "20,400원",
        "마마캣 판매가": "14,280원",
        "가장 높은 회원등급 할인 적용시 구매가": "13,570원 (최대 710원 할인)",
        "원산지": "태국",
        "제조자 | 수입자": "Big Heart Pet Brands | 펫월드",
        "사용 연령": "12개월 이상 성묘",
        "100g 가격": "1,385원",
        "포장단위별 용량, 수량": "78g × 12개",
        "법에 의한 인증 및 허가": "사료관리법에 따른 수입신고를 필함",
        "현재 재고 수량": "4개",
        "소비자 상담 전화": "마마캣 고객센터 (1544-6141)"
    },
    {
        "id": 478,
        "name": "미유믹스 캣 주식캔 리얼 치킨 78g",
        "image": "https://mamacat.co.kr/web/product/big/20191203/dec4113e3e0ad7789cef3742cfff81c8.jpg",
        "가격정책": "마마캣 회원등급 할인 상품",
        "유통기한": "2023.07.16.",
        "정상 소비자가": "1,700원",
        "마마캣 판매가": "1,190원",
        "가장 높은 회원등급 할인 적용시 구매가": "1,140원 (최대 50원 할인)",
        "원산지": "태국",
        "제조자 | 수입자": "Big Heart Pet Brands | 펫월드",
        "사용 연령": "12개월 이상 성묘",
        "100g 가격": "1,731원",
        "포장단위별 용량, 수량": "78g",
        "법에 의한 인증 및 허가": "사료관리법에 따른 수입신고를 필함",
        "현재 재고 수량": "16개",
        "소비자 상담 전화": "마마캣 고객센터 (1544-6141)"
    },
    {
        "id": 479,
        "name": "미유믹스 캣 주식캔 리얼 치킨&비프 78g × 12개",
        "image": "https://mamacat.co.kr/web/product/big/20191203/ec8dd9f5cb311ce846db46b2f3fb0d5a.jpg",
        "가격정책": "마마캣 회원등급 할인 상품",
        "유통기한": "2022.07.18.",
        "정상 소비자가": "20,400원",
        "마마캣 판매가": "14,280원",
        "가장 높은 회원등급 할인 적용시 구매가": "13,570원 (최대 710원 할인)",
        "원산지": "태국",
        "제조자 | 수입자": "Big Heart Pet Brands | 펫월드",
        "사용 연령": "12개월 이상 성묘",
        "100g 가격": "1,385원",
        "포장단위별 용량, 수량": "78g × 12개",
        "법에 의한 인증 및 허가": "사료관리법에 따른 수입신고를 필함",
        "원료구성": "생선육수, 참치, 닭고기, 소고기",
        "성분구성": "조단백 10.0% 이상, 조지방 2.0% 이하, 조섬유 1.5% 이하, 조회분 3.0% 이하, 칼슘 0.14% 이상, 인 0.18% 이하",
        "현재 재고 수량": "7개",
        "소비자 상담 전화": "마마캣 고객센터 (1544-6141)"
    },
    {
        "id": 480,
        "name": "미유믹스 캣 주식캔 리얼 치킨&비프 78g",
        "image": "https://mamacat.co.kr/web/product/big/20191203/a3db848350ce3f6b1b6ff441ec05f5b0.jpg",
        "가격정책": "마마캣 회원등급 할인 상품",
        "유통기한": "2022.07.18.",
        "정상 소비자가": "1,700원",
        "마마캣 판매가": "1,190원",
        "가장 높은 회원등급 할인 적용시 구매가": "1,140원 (최대 50원 할인)",
        "원산지": "태국",
        "제조자 | 수입자": "Big Heart Pet Brands | 펫월드",
        "사용 연령": "12개월 이상 성묘",
        "100g 가격": "1,731원",
        "포장단위별 용량, 수량": "78g",
        "법에 의한 인증 및 허가": "사료관리법에 따른 수입신고를 필함",
        "원료구성": "생선육수, 참치, 닭고기, 소고기",
        "성분구성": "조단백 10.0% 이상, 조지방 2.0% 이하, 조섬유 1.5% 이하, 조회분 3.0% 이하, 칼슘 0.14% 이상, 인 0.18% 이하",
        "현재 재고 수량": "19개",
        "소비자 상담 전화": "마마캣 고객센터 (1544-6141)"
    },
    {
        "id": 481,
        "name": "미유믹스 캣 주식캔 리얼 칠면조 78g × 12개",
        "image": "https://mamacat.co.kr/web/product/big/20191203/30f70d888647d12008f8040a4be17518.jpg",
        "가격정책": "마마캣 회원등급 할인 상품",
        "유통기한": "2022.07.20.",
        "정상 소비자가": "20,400원",
        "마마캣 판매가": "14,280원",
        "가장 높은 회원등급 할인 적용시 구매가": "13,570원 (최대 710원 할인)",
        "원산지": "태국",
        "제조자 | 수입자": "Big Heart Pet Brands | 펫월드",
        "사용 연령": "12개월 이상 성묘",
        "100g 가격": "1,385원",
        "포장단위별 용량, 수량": "78g × 12개",
        "법에 의한 인증 및 허가": "사료관리법에 따른 수입신고를 필함",
        "원료구성": "생선육수, 참치, 칠면조고기, 가금류, 닭간",
        "성분구성": "조단백 11.0% 이상, 조지방 1.8% 이하, 조섬유 1.5% 이하, 조회분 3.0% 이하, 칼슘 0.17% 이상, 인 0.24% 이하",
        "현재 재고 수량": "6개",
        "소비자 상담 전화": "마마캣 고객센터 (1544-6141)"
    },
    {
        "id": 482,
        "name": "미유믹스 캣 주식캔 리얼 칠면조 78g",
        "image": "https://mamacat.co.kr/web/product/big/20191203/fef32069dccc59fce203761f04eae231.jpg",
        "가격정책": "마마캣 회원등급 할인 상품",
        "유통기한": "2022.07.20.",
        "정상 소비자가": "1,700원",
        "마마캣 판매가": "1,190원",
        "가장 높은 회원등급 할인 적용시 구매가": "1,140원 (최대 50원 할인)",
        "원산지": "태국",
        "제조자 | 수입자": "Big Heart Pet Brands | 펫월드",
        "사용 연령": "12개월 이상 성묘",
        "100g 가격": "1,731원",
        "포장단위별 용량, 수량": "78g",
        "법에 의한 인증 및 허가": "사료관리법에 따른 수입신고를 필함",
        "원료구성": "생선육수, 참치, 칠면조고기, 가금류, 닭간",
        "성분구성": "조단백 11.0% 이상, 조지방 1.8% 이하, 조섬유 1.5% 이하, 조회분 3.0% 이하, 칼슘 0.17% 이상, 인 0.24% 이하",
        "현재 재고 수량": "13개",
        "소비자 상담 전화": "마마캣 고객센터 (1544-6141)"
    },
    {
        "id": 483,
        "name": "미유믹스 캣 주식캔 버라이어티팩 치킨&참치&새우 78g × 12개",
        "image": "https://mamacat.co.kr/web/product/big/20191203/e83c0f2d1f86f48555dca4e36f91fbd3.jpg",
        "가격정책": "마마캣 회원등급 할인 상품",
        "유통기한": "2023.02.21.",
        "정상 소비자가": "17,000원",
        "마마캣 판매가": "12,900원",
        "가장 높은 회원등급 할인 적용시 구매가": "12,260원 (최대 640원 할인)",
        "원산지": "태국",
        "제조자 | 수입자": "Big Heart Pet Brands | 펫월드",
        "사용 연령": "12개월 이상 성묘",
        "100g 가격": "1,538원",
        "포장단위별 용량, 수량": "78g × 12개",
        "법에 의한 인증 및 허가": "사료관리법에 따른 수입신고를 필함",
        "원료구성": "각 상품 상세페이지 참고",
        "성분구성": "각 상품 상세페이지 참고",
        "현재 재고 수량": "23개",
        "소비자 상담 전화": "마마캣 고객센터 (1544-6141)"
    },
    {
        "id": 484,
        "name": "미유믹스 캣 주식캔 버라이어티팩 칠면조&치킨&비프 78g × 12개",
        "image": "https://mamacat.co.kr/web/product/big/20191203/8ee769743222a10ce7402ebc4c0439c0.jpg",
        "가격정책": "마마캣 회원등급 할인 상품",
        "유통기한": "2022.07.16.",
        "정상 소비자가": "17,000원",
        "마마캣 판매가": "12,900원",
        "가장 높은 회원등급 할인 적용시 구매가": "12,260원 (최대 640원 할인)",
        "원산지": "태국",
        "제조자 | 수입자": "Big Heart Pet Brands | 펫월드",
        "사용 연령": "12개월 이상 성묘",
        "100g 가격": "1,538원",
        "포장단위별 용량, 수량": "78g × 12개",
        "법에 의한 인증 및 허가": "사료관리법에 따른 수입신고를 필함",
        "원료구성": "각 상품 상세페이지 참고",
        "성분구성": "각 상품 상세페이지 참고",
        "현재 재고 수량": "14개",
        "소비자 상담 전화": "마마캣 고객센터 (1544-6141)"
    },
    {
        "id": 485,
        "name": "미유믹스 캣 주식캔 파테 그릴비프, 참치&치킨 78g × 12개",
        "image": "https://mamacat.co.kr/web/product/big/202007/17bf5c6f0f616ec60fcc4d209b529d4e.png",
        "가격정책": "마마캣 회원등급 할인 상품",
        "유통기한": "2022.05.04.",
        "정상 소비자가": "20,400원",
        "마마캣 판매가": "16,320원",
        "가장 높은 회원등급 할인 적용시 구매가": "15,510원 (최대 810원 할인)",
        "원산지": "태국",
        "제조자 | 수입자": "Big Heart Pet Brands | 펫월드",
        "사용 연령": "12개월 이상 성묘",
        "100g 가격": "1,385원",
        "포장단위별 용량, 수량": "78g × 12개",
        "법에 의한 인증 및 허가": "사료관리법에 따른 수입신고를 필함",
        "원료구성": "닭고기육수, 육가공물, 소 간, 소고기, 참치, 닭고기, 쌀가루, 해바라기유, 제삼인산칼슘, 소금, 제삼인산나트륨, 염화칼륨, 구아검, 카라멜색소, 황산칼슘, 천연착향료 등",
        "성분구성": "조단백 12.0%이상, 조지방 3.5%이상, 조섬유 0.05%이하, 조회분 4.0%이하, 칼슘 0.1%이상, 인 0.1%이상, 수분 78.0%이하",
        "현재 재고 수량": "6개",
        "소비자 상담 전화": "마마캣 고객센터 (1544-6141)"
    },
    {
        "id": 486,
        "name": "미유믹스 캣 주식캔 파테 그릴비프, 참치&치킨 78g",
        "image": "https://mamacat.co.kr/web/product/big/202007/53fbd0fcfdfafde4098341b6a0273a99.png",
        "가격정책": "마마캣 회원등급 할인 상품",
        "유통기한": "2022.05.04.",
        "정상 소비자가": "1,700원",
        "마마캣 판매가": "1,360원",
        "가장 높은 회원등급 할인 적용시 구매가": "1,300원 (최대 60원 할인)",
        "원산지": "태국",
        "제조자 | 수입자": "Big Heart Pet Brands | 펫월드",
        "사용 연령": "12개월 이상 성묘",
        "100g 가격": "1,731원",
        "포장단위별 용량, 수량": "78g",
        "법에 의한 인증 및 허가": "사료관리법에 따른 수입신고를 필함",
        "원료구성": "닭고기육수, 육가공물, 소 간, 소고기, 참치, 닭고기, 쌀가루, 해바라기유, 제삼인산칼슘, 소금, 제삼인산나트륨, 염화칼륨, 구아검, 카라멜색소, 황산칼슘, 천연착향료 등",
        "성분구성": "조단백 12.0%이상, 조지방 3.5%이상, 조섬유 0.05%이하, 조회분 4.0%이하, 칼슘 0.1%이상, 인 0.1%이상, 수분 78.0%이하",
        "현재 재고 수량": "17개",
        "소비자 상담 전화": "마마캣 고객센터 (1544-6141)"
    },
    {
        "id": 487,
        "name": "미유믹스 캣 주식캔 파테 참치 78g × 12개",
        "image": "https://mamacat.co.kr/web/product/big/202007/a1ecb3980712220b7070b9ec0558ec4e.png",
        "가격정책": "마마캣 회원등급 할인 상품",
        "유통기한": "2022.05.03.",
        "정상 소비자가": "20,400원",
        "마마캣 판매가": "16,320원",
        "가장 높은 회원등급 할인 적용시 구매가": "15,510원 (최대 810원 할인)",
        "원산지": "태국",
        "제조자 | 수입자": "Big Heart Pet Brands | 펫월드",
        "사용 연령": "12개월 이상 성묘",
        "100g 가격": "1,385원",
        "포장단위별 용량, 수량": "78g × 12개",
        "법에 의한 인증 및 허가": "사료관리법에 따른 수입신고를 필함",
        "원료구성": "참치육수, 참치, 육가공물, 소 간, 닭고기, 쌀가루, 제삼인산칼슘, 황산칼슘, 소금, 이산화티타늄, 제삼인산나트륨, 염화칼륨, 구아검, 천연착향료, 염화콜린, 해바라기유, 카라기난 등",
        "성분구성": "조단백 12.0%이상, 조지방 3.25%이상, 조섬유 0.5%이하, 조회분 4.0%이하, 칼슘 0.1%이상, 인 0.1%이상, 수분 78.0%이하",
        "현재 재고 수량": "2개",
        "소비자 상담 전화": "마마캣 고객센터 (1544-6141)"
    },
    {
        "id": 488,
        "name": "미유믹스 캣 주식캔 파테 참치 78g",
        "image": "https://mamacat.co.kr/web/product/big/202007/7a4f4b7bd44a9e22ac40276ebc7adb1a.png",
        "가격정책": "마마캣 회원등급 할인 상품",
        "유통기한": "2022.05.03.",
        "정상 소비자가": "1,700원",
        "마마캣 판매가": "1,360원",
        "가장 높은 회원등급 할인 적용시 구매가": "1,300원 (최대 60원 할인)",
        "원산지": "태국",
        "제조자 | 수입자": "Big Heart Pet Brands | 펫월드",
        "사용 연령": "12개월 이상 성묘",
        "100g 가격": "1,731원",
        "포장단위별 용량, 수량": "78g",
        "법에 의한 인증 및 허가": "사료관리법에 따른 수입신고를 필함",
        "원료구성": "참치육수, 참치, 육가공물, 소 간, 닭고기, 쌀가루, 제삼인산칼슘, 황산칼슘, 소금, 이산화티타늄, 제삼인산나트륨, 염화칼륨, 구아검, 천연착향료, 염화콜린, 해바라기유, 카라기난 등",
        "성분구성": "조단백 12.0%이상, 조지방 3.25%이상, 조섬유 0.5%이하, 조회분 4.0%이하, 칼슘 0.1%이상, 인 0.1%이상, 수분 78.0%이하",
        "현재 재고 수량": "12개",
        "소비자 상담 전화": "마마캣 고객센터 (1544-6141)"
    },
    {
        "id": 489,
        "name": "미유믹스 캣 주식캔 파테 치킨 78g × 12개",
        "image": "https://mamacat.co.kr/web/product/big/202007/e2868f1b56c02962bb235ccdc68cb91b.png",
        "가격정책": "마마캣 회원등급 할인 상품",
        "유통기한": "2022.05.02.",
        "정상 소비자가": "20,400원",
        "마마캣 판매가": "16,320원",
        "가장 높은 회원등급 할인 적용시 구매가": "15,510원 (최대 810원 할인)",
        "원산지": "태국",
        "제조자 | 수입자": "Big Heart Pet Brands | 펫월드",
        "사용 연령": "12개월 이상 성묘",
        "100g 가격": "1,385원",
        "포장단위별 용량, 수량": "78g × 12개",
        "법에 의한 인증 및 허가": "사료관리법에 따른 수입신고를 필함",
        "원료구성": "닭고기육수, 닭고기, 육가공물, 소 간, 참치, 쌀가루, 황산칼슘, 이산화티타늄, 제삼인산칼슘, 소금, 제삼인산나트륨, 염화칼륨, 구아검, 천연착향료, 염화콜린, 카라기난 등",
        "성분구성": "조단백 12.0%이상, 조지방 3.5%이상, 조섬유 0.5%이하, 조회분 4.0%이하, 칼슘 0.1%이상, 인 0.1%이상, 수분 78.0%이하",
        "현재 재고 수량": "5개",
        "소비자 상담 전화": "마마캣 고객센터 (1544-6141)"
    },
    {
        "id": 490,
        "name": "미유믹스 캣 주식캔 파테 치킨 78g",
        "image": "https://mamacat.co.kr/web/product/big/202007/b92a67f62d76de09d91205d08e31e01a.png",
        "가격정책": "마마캣 회원등급 할인 상품",
        "유통기한": "2022.05.02.",
        "정상 소비자가": "1,700원",
        "마마캣 판매가": "1,360원",
        "가장 높은 회원등급 할인 적용시 구매가": "1,300원 (최대 60원 할인)",
        "원산지": "태국",
        "제조자 | 수입자": "Big Heart Pet Brands | 펫월드",
        "사용 연령": "12개월 이상 성묘",
        "100g 가격": "1,731원",
        "포장단위별 용량, 수량": "78g",
        "법에 의한 인증 및 허가": "사료관리법에 따른 수입신고를 필함",
        "원료구성": "닭고기육수, 닭고기, 육가공물, 소 간, 참치, 쌀가루, 황산칼슘, 이산화티타늄, 제삼인산칼슘, 소금, 제삼인산나트륨, 염화칼륨, 구아검, 천연착향료, 염화콜린, 카라기난 등",
        "성분구성": "조단백 12.0%이상, 조지방 3.5%이상, 조섬유 0.5%이하, 조회분 4.0%이하, 칼슘 0.1%이상, 인 0.1%이상, 수분 78.0%이하",
        "현재 재고 수량": "12개",
        "소비자 상담 전화": "마마캣 고객센터 (1544-6141)"
    },
    {
        "id": 491,
        "name": "보레알 캣 오리지널 그레인프리 치킨 2.26kg",
        "image": "https://mamacat.co.kr/web/product/big/20191118/be6c6ade00f3beb4045a38ceea11b83b.jpg",
        "상품 간략설명": "전연령 | 홀리스틱 (1283원/100g당)",
        "가격정책": "마마캣 회원등급 할인 상품",
        "유통기한": "2022.03.23.",
        "사료등급": "홀리스틱",
        "정상 소비자가": "33,000원",
        "마마캣 판매가": "29,000원",
        "가장 높은 회원등급 할인 적용시 구매가": "27,550원 (최대 1,450원 할인)",
        "원산지": "캐나다",
        "제조자 | 수입자": "BOREAL | (주)드림펫푸드",
        "사용 연령": "전연령 (3개월 이상)",
        "100g 가격": "1283원",
        "포장단위별 용량, 수량": "2.26kg",
        "법에 의한 인증 및 허가": "사료관리법에 따른 수입신고를 필함",
        "원료구성": "뼈를 발라낸 닭고기, 닭고기 분말, 완두콩, 말린 통계란, 완두 전분, 연어 분말, 닭 및 칠면조 지방 (혼함 토코페롤로 방부 처리됨), 북부 흰제비콩, 건조된 자주개자리 분말, 천연 닭고기 향신료, 아마씨, 염화콜린, 소금, 황산칼슘, 레시틴, 아연 아미노산 화합물 등",
        "성분구성": "조단백 33.0%이상, 조지방 18.0%이상, 조섬유 3.0%이하, 조회분 8.0%이상, 칼슘 1.4%이상, 인 1.0%이상, 마그네슘 0.14%이하, 오메가6 지방산 3.5%이상, 오메가3 지방산 0.4%이상, 아연 100ppm, 탄수화물 27.60%, 육류함유량 69%, 칼로리 약 382kcal/100g",
        "현재 재고 수량": "6개",
        "소비자 상담 전화": "마마캣 고객센터 (1544-6141)",
        "제품 포장 유형": "통포장 (지퍼팩 있음)"
    },
    {
        "id": 492,
        "name": "보레알 캣 오리지널 그레인프리 치킨 5.44kg",
        "image": "https://mamacat.co.kr/web/product/big/20191118/5e7bdaf5c52927eb907e4e25afb0c2e4.jpg",
        "상품 간략설명": "전연령 | 홀리스틱 (1011원/100g당)",
        "가격정책": "마마캣 회원등급 할인 상품",
        "유통기한": "2022.03.23.",
        "사료등급": "홀리스틱",
        "정상 소비자가": "61,000원",
        "마마캣 판매가": "55,000원",
        "가장 높은 회원등급 할인 적용시 구매가": "52,250원 (최대 2,750원 할인)",
        "원산지": "캐나다",
        "제조자 | 수입자": "BOREAL | (주)드림펫푸드",
        "사용 연령": "전연령 (3개월 이상)",
        "100g 가격": "1011원",
        "포장단위별 용량, 수량": "5.44kg",
        "법에 의한 인증 및 허가": "사료관리법에 따른 수입신고를 필함",
        "원료구성": "뼈를 발라낸 닭고기, 닭고기 분말, 완두콩, 말린 통계란, 완두 전분, 연어 분말, 닭 및 칠면조 지방 (혼함 토코페롤로 방부 처리됨), 북부 흰제비콩, 건조된 자주개자리 분말, 천연 닭고기 향신료, 아마씨, 염화콜린, 소금, 황산칼슘, 레시틴, 아연 아미노산 화합물 등",
        "성분구성": "조단백 33.0%이상, 조지방 18.0%이상, 조섬유 3.0%이하, 조회분 8.0%이상, 칼슘 1.4%이상, 인 1.0%이상, 마그네슘 0.14%이하, 오메가6 지방산 3.5%이상, 오메가3 지방산 0.4%이상, 아연 100ppm, 탄수화물 27.60%, 육류함유량 69%, 칼로리 약 382kcal/100g",
        "현재 재고 수량": "6개",
        "소비자 상담 전화": "마마캣 고객센터 (1544-6141)",
        "제품 포장 유형": "통포장 (지퍼팩 있음)"
    },
    {
        "id": 493,
        "name": "보레알 캣 오리지널 그레인프리 칠면조와 송어 5.44kg",
        "image": "https://mamacat.co.kr/web/product/big/20200511/e85249cfa08567bb46eda08049b7d786.png",
        "상품 간략설명": "전연령 | 홀리스틱 (1102원/100g당)",
        "가격정책": "마마캣 회원등급 할인 상품",
        "유통기한": "2022.05.17.",
        "사료등급": "홀리스틱",
        "정상 소비자가": "68,000원",
        "마마캣 판매가": "60,000원",
        "가장 높은 회원등급 할인 적용시 구매가": "57,000원 (최대 3,000원 할인)",
        "원산지": "캐나다",
        "제조자 | 수입자": "BOREAL | ㈜피제이글로벌",
        "사용 연령": "전연령 (3개월 이상)",
        "100g 가격": "1102원",
        "포장단위별 용량, 수량": "5.44kg",
        "법에 의한 인증 및 허가": "사료관리법에 따른 수입신고를 필함",
        "원료구성": "칠면조, 송어, 청어, 말린계란, 고구마, 메밀, 렌즈 콩, 호박, 완두콩, 천연향, 아마씨, 닭고기지방, 말린억새풀, 레시틴, 블루베리, 크랜베리, 사과, 시금치, 칼슘프로피오네이트, 나트륨트리폴리포스페이트 등",
        "성분구성": "조단백 36.0%이상, 조지방 16.0%이상, 조섬유 6.0%이하, 조회분 9.0%이상, 칼슘 1.8%이상, 인 1.1%이상, 수분 10.0%이하, 오메가6 지방산 2.8%이상, 오메가3 지방산 1.3%이상, 아연 100mg/kg",
        "현재 재고 수량": "3개",
        "소비자 상담 전화": "마마캣 고객센터 (1544-6141)",
        "제품 포장 유형": "통포장 (지퍼팩 있음)",
        "제품 보관방법": "직사광선이 없는 곳에 실온 보관"
    },
    {
        "id": 494,
        "name": "보레알 캣 오리지널 그레인프리 피쉬 2.26kg",
        "image": "https://mamacat.co.kr/web/product/big/20191118/c6f8c35381fde7ac56add59d9f7f7067.jpg",
        "상품 간략설명": "전연령 | 홀리스틱 (1415원/100g당)",
        "가격정책": "마마캣 회원등급 할인 상품",
        "유통기한": "2022.03.09.",
        "사료등급": "홀리스틱",
        "정상 소비자가": "36,500원",
        "마마캣 판매가": "32,000원",
        "가장 높은 회원등급 할인 적용시 구매가": "30,400원 (최대 1,600원 할인)",
        "원산지": "캐나다",
        "제조자 | 수입자": "BOREAL | (주)드림펫푸드",
        "사용 연령": "전연령 (3개월 이상)",
        "100g 가격": "1415원",
        "포장단위별 용량, 수량": "2.26kg",
        "법에 의한 인증 및 허가": "사료관리법에 따른 수입신고를 필함",
        "원료구성": "연어, 송어분말, 완두콩, 말린통계란, 완두전분, 연어분말, 청어분말, 북부흰제비콩, 닭고기지방(혼합토코페롤로 방부처리됨), 건조된 자주개자리 분말, 천연향신료, 아마씨, 유청분말, 염화콜린, 황산칼슘, 레시틴, 프로피온산, 칼슘(방부제), 만난올리고당 등",
        "성분구성": "조단백 36.0%이상, 조지방 16.0%이상, 조섬유 3.0%이하, 수분 10.0%이하, 칼슘 1.6%이상, 인 1.1%이상, 마그네슘 0.14%이상, 오메가6 지방산 2.5%이상, 오메가3 지방산 0.70%이상, 타우린 0.18%이상, 아연 200mg/kg, 칼로리 약 373kcal/100g",
        "현재 재고 수량": "8개",
        "소비자 상담 전화": "마마캣 고객센터 (1544-6141)",
        "제품 포장 유형": "통포장 (지퍼팩 있음)"
    },
    {
        "id": 495,
        "name": "보레알 캣 오리지널 그레인프리 피쉬 5.44kg",
        "image": "https://mamacat.co.kr/web/product/big/20191118/886490ac16459133cfc39d46fbaf24f1.jpg",
        "상품 간략설명": "전연령 | 홀리스틱 (1066원/100g당)",
        "가격정책": "마마캣 회원등급 할인 상품",
        "유통기한": "2022.03.23.",
        "사료등급": "홀리스틱",
        "정상 소비자가": "64,500원",
        "마마캣 판매가": "58,000원",
        "가장 높은 회원등급 할인 적용시 구매가": "55,100원 (최대 2,900원 할인)",
        "원산지": "캐나다",
        "제조자 | 수입자": "BOREAL | (주)드림펫푸드",
        "사용 연령": "전연령 (3개월 이상)",
        "100g 가격": "1066원",
        "포장단위별 용량, 수량": "5.44kg",
        "법에 의한 인증 및 허가": "사료관리법에 따른 수입신고를 필함",
        "원료구성": "연어, 송어분말, 완두콩, 말린통계란, 완두전분, 연어분말, 청어분말, 북부흰제비콩, 닭고기지방(혼합토코페롤로 방부처리됨), 건조된 자주개자리 분말, 천연향신료, 아마씨, 유청분말, 염화콜린, 황산칼슘, 레시틴, 프로피온산, 칼슘(방부제), 만난올리고당 등",
        "성분구성": "조단백 36.0%이상, 조지방 16.0%이상, 조섬유 3.0%이하, 수분 10.0%이하, 칼슘 1.6%이상, 인 1.1%이상, 마그네슘 0.14%이상, 오메가6 지방산 2.5%이상, 오메가3 지방산 0.70%이상, 타우린 0.18%이상, 아연 200mg/kg, 칼로리 약 373kcal/100g",
        "현재 재고 수량": "4개",
        "소비자 상담 전화": "마마캣 고객센터 (1544-6141)",
        "제품 포장 유형": "통포장 (지퍼팩 있음)"
    },
    {
        "id": 496,
        "name": "보레알 캣 주식캔 돼지고기&송어 156g",
        "image": "https://mamacat.co.kr/web/product/big/20200514/3e2015968e9d51f9b0468136b6dd3907.jpg",
        "가격정책": "마마캣 회원등급 할인 상품",
        "유통기한": "2023.10.28.",
        "정상 소비자가": "4,000원",
        "마마캣 판매가": "2,900원",
        "가장 높은 회원등급 할인 적용시 구매가": "2,760원 (최대 140원 할인)",
        "원산지": "캐나다",
        "제조자 | 수입자": "BOREAL | ㈜피제이글로벌",
        "사용 연령": "전연령 (3개월 이상)",
        "100g 가격": "1,858원",
        "포장단위별 용량, 수량": "156g",
        "법에 의한 인증 및 허가": "사료관리법에 따른 수입신고를 필함",
        "원료구성": "돼지고기, 돼지고기 수프, 송어, 돼지고기 간, 생선기름, 완두콩, 콩, 인산이칼슘, 호로파씨앗, 렌틸콩, 탄산칼슘, 소금, 전란, 아마씨, 레시틴, 염화콜린, 염화칼륨, 유카시디게라추출물, 완두콩섬유, 타우린, L-Ascorbyl-2-Polyphosphate (비타민C의 원료) 등",
        "성분구성": "조단백질 8.0%이상, 조지방 7.5%이상, 조섬유 1.0%이하, 조회분 1.0%이하, 수분 78.0%이하, 칼슘 0.38%이상, 인 0.29%이상",
        "현재 재고 수량": "145개",
        "소비자 상담 전화": "마마캣 고객센터 (1544-6141)",
        "제품 보관방법": "직사광선이 없는 곳에 실온 보관"
    },
    {
        "id": 497,
        "name": "보레알 캣 주식캔 치킨&연어 80g",
        "image": "https://mamacat.co.kr/web/product/big/202007/b5a260866c8e1cc5e799a38a2e1e476d.jpg",
        "가격정책": "마마캣 회원등급 할인 상품",
        "유통기한": "2023.09.22.",
        "정상 소비자가": "2,800원",
        "마마캣 판매가": "1,900원",
        "가장 높은 회원등급 할인 적용시 구매가": "1,810원 (최대 90원 할인)",
        "원산지": "캐나다",
        "제조자 | 수입자": "BOREAL | (주)드림펫푸드",
        "사용 연령": "전연령",
        "100g 가격": "2,375원",
        "포장단위별 용량, 수량": "80g",
        "법에 의한 인증 및 허가": "사료관리법에 따른 수입신고를 필함",
        "원료구성": "치킨, 치킨수프, 연어, 치킨간, 콩, 완두콩, 전란, 자연향, 레시틴, 탄산칼슘, 아마씨, 콜린염화물, 모노나트륨 인산염, 소금, DL-메티오닌, 유카 시디게라 추출물, 완두콩 섬유, 건조된 블루베리, 건조된 블랙베리, 건조된 사과, 건조된 석류, 건조된 크랜베리 등",
        "성분구성": "조단백질 7.2%이상, 조지방 6.75%이상, 조섬유 0.25%이하, 조쇠분 1.5%이하, 수분 85%이하, 쿨슘 0.2%이상, 인 0.18%이상",
        "현재 재고 수량": "115개",
        "소비자 상담 전화": "마마캣 고객센터 (1544-6141)"
    },
    {
        "id": 498,
        "name": "보레알 캣 주식캔 치킨&오리 156g",
        "image": "https://mamacat.co.kr/web/product/big/20200514/d92f6569361b23c6517ccaa7736be90f.jpg",
        "가격정책": "마마캣 회원등급 할인 상품",
        "유통기한": "2023.12.08",
        "정상 소비자가": "4,000원",
        "마마캣 판매가": "2,900원",
        "가장 높은 회원등급 할인 적용시 구매가": "2,760원 (최대 140원 할인)",
        "원산지": "캐나다",
        "제조자 | 수입자": "BOREAL | (주)드림펫푸드",
        "사용 연령": "전연령",
        "100g 가격": "1,859원",
        "포장단위별 용량, 수량": "156g",
        "법에 의한 인증 및 허가": "사료관리법에 따른 수입신고를 필함",
        "원료구성": "치킨, 치킨수프, 오리, 치킨간, 콩, 완두콩, 전란, 자연향, 레시틴, 탄산 칼슘, 아마씨, 콜린 염화물, 생선 오일, 야채 오일, 소금, DL-메티오닌, 유카 시디게라 추출물, 완두콩 섬유, 건조된 블루베리,건조된블랙베리,건조된사과,건조된석류,건조된크랜베리,타우린등",
        "성분구성": "조단백 7.2% 이상, 조지방 6.75% 이상, 조섬유 0.25% 이상, 조회분 1.5% 이하, 칼슘 0.2% 이상, 인 0.18% 이상, 수분 85.0% 이하",
        "현재 재고 수량": "298개",
        "소비자 상담 전화": "마마캣 고객센터 (1544-6141)"
    },
    {
        "id": 499,
        "name": "보레알 캣 주식캔 치킨&오리 80g",
        "image": "https://mamacat.co.kr/web/product/big/20200511/146326d32816a8a6306b468d27645059.png",
        "가격정책": "마마캣 회원등급 할인 상품",
        "유통기한": "2023.09.29.",
        "정상 소비자가": "2,800원",
        "마마캣 판매가": "1,900원",
        "가장 높은 회원등급 할인 적용시 구매가": "1,810원 (최대 90원 할인)",
        "원산지": "캐나다",
        "제조자 | 수입자": "BOREAL | ㈜피제이글로벌",
        "사용 연령": "전연령 (3개월 이상)",
        "100g 가격": "2,375원",
        "포장단위별 용량, 수량": "80g",
        "법에 의한 인증 및 허가": "사료관리법에 따른 수입신고를 필함",
        "원료구성": "치킨, 치킨수프, 오리, 치킨간, 콩, 완두콩, 전란, 자연향, 레시틴, 탄산 칼슘, 아마씨, 콜린 염화물, 생선 오일, 야채 오일, 소금, DL-메티오닌, 유카 시디게라 추출물, 완두콩 섬유, 건조된 블루베리,건조된블랙베리,건조된사과,건조된석류,건조된크랜베리,타우린등",
        "성분구성": "조단백 7.2% 이상, 조지방 6.75% 이상, 조섬유 0.25% 이상, 조회분 1.5% 이하, 칼슘 0.2% 이상, 인 0.18% 이상, 수분 85.0% 이하",
        "현재 재고 수량": "10개",
        "소비자 상담 전화": "마마캣 고객센터 (1544-6141)",
        "제품 보관방법": "직사광선이 없는 곳에 실온 보관"
    },
    {
        "id": 500,
        "name": "보레알 캣 주식캔 치킨&치킨리버 156g",
        "image": "https://mamacat.co.kr/web/product/big/20200514/3c2ea58b2d096a849c41f811b4f864a1.jpg",
        "가격정책": "마마캣 회원등급 할인 상품",
        "유통기한": "2023.11.11.",
        "정상 소비자가": "4,000원",
        "마마캣 판매가": "2,900원",
        "가장 높은 회원등급 할인 적용시 구매가": "2,760원 (최대 140원 할인)",
        "원산지": "캐나다",
        "제조자 | 수입자": "BOREAL | (주)드림펫푸드",
        "사용 연령": "전연령",
        "100g 가격": "1,859원",
        "포장단위별 용량, 수량": "156g",
        "법에 의한 인증 및 허가": "사료관리법에 따른 수입신고를 필함",
        "원료구성": "치킨, 치킨수프, 치킨간, 콩, 완두콩, 전란, 자연향, 레시틴, 탄산 칼슘, 아마씨, 콜린 염화물, 생선 오일, 모노나트륨 인산염, 야채 오일, 소금, DL-메티오닌, 유카 시디게라 추출물,완두콩 등",
        "성분구성": "조단백 7.2% 이상, 조지방 6.3% 이상, 조섬유 0.15% 이상, 조회분 1.5% 이하, 칼슘 0.2% 이상, 인 0.18% 이상, 수분 85.0% 이하",
        "현재 재고 수량": "163개",
        "소비자 상담 전화": "마마캣 고객센터 (1544-6141)"
    },
    {
        "id": 501,
        "name": "보레알 캣 주식캔 치킨&칠면조 156g",
        "image": "https://mamacat.co.kr/web/product/big/20200514/f107934adb54d15ebd6e67aa18746ba7.jpg",
        "가격정책": "마마캣 회원등급 할인 상품",
        "유통기한": "2023.05.04.",
        "정상 소비자가": "4,000원",
        "마마캣 판매가": "2,900원",
        "가장 높은 회원등급 할인 적용시 구매가": "2,760원 (최대 140원 할인)",
        "원산지": "캐나다",
        "제조자 | 수입자": "BOREAL | (주)드림펫푸드",
        "사용 연령": "전연령",
        "100g 가격": "1,859원",
        "포장단위별 용량, 수량": "156g",
        "법에 의한 인증 및 허가": "사료관리법에 따른 수입신고를 필함",
        "원료구성": "치킨, 칠면조, 칠면조수프, 치킨간, 콩, 완두콩, 전란, 자연향, 레시틴, 탄산 칼슘, 아마씨, 콜린 염화물, 생선 오일, 모노나트륨인산염, 야채오일, 소금, DL-메티오닌, 유카 시디게라 추출물,완두콩 섬유, 건조된 블루베리,건조된사과,건조된석류,건조된크린베리 등",
        "성분구성": "조단백 8.6% 이상, 조지방 7.2% 이상, 조섬유 0.15% 이상, 조회분 1.5% 이하, 칼슘 0.2% 이상, 인 0.18% 이상, 수분 85.0% 이하",
        "현재 재고 수량": "168개",
        "소비자 상담 전화": "마마캣 고객센터 (1544-6141)"
    },
    {
        "id": 502,
        "name": "보레알 캣 주식캔 칠면조&송어 156g",
        "image": "https://mamacat.co.kr/web/product/big/20200514/e1f81baefa0539a9c576a25adb43a194.jpg",
        "가격정책": "마마캣 회원등급 할인 상품",
        "유통기한": "2024.01.04.",
        "정상 소비자가": "4,000원",
        "마마캣 판매가": "2,900원",
        "가장 높은 회원등급 할인 적용시 구매가": "2,760원 (최대 140원 할인)",
        "원산지": "캐나다",
        "제조자 | 수입자": "BOREAL | ㈜피제이글로벌",
        "사용 연령": "전연령 (3개월 이상)",
        "100g 가격": "1,858원",
        "포장단위별 용량, 수량": "156g",
        "법에 의한 인증 및 허가": "사료관리법에 따른 수입신고를 필함",
        "원료구성": "칠면조, 칠면조수프, 송어, 칠면조간, 생선기름, 완두콩, 콩, 인산이칼슘, 호로파씨앗, 렌틸콩, 탄산칼슘, 소금, 전란, 아마씨, 레시틴, 염화콜린, 염화칼륨, 유카시디게라추출물, 완두콩섬유, 타우린, L-Ascorbyl-2-Polyphosphate (비타민C의 원료) 등",
        "성분구성": "조단백질 8.0%이상, 조지방 7.5%이상, 조섬유 1.0%이하, 조회분 1.0%이하, 수분 78.0%이하, 칼슘 0.44%이상, 인 0.41%이상",
        "현재 재고 수량": "108개",
        "소비자 상담 전화": "마마캣 고객센터 (1544-6141)",
        "제품 보관방법": "직사광선이 없는 곳에 실온 보관"
    },
    {
        "id": 503,
        "name": "보레알 캣 주식캔 칠면조&송어 80g",
        "image": "https://mamacat.co.kr/web/product/big/20200511/ab922001f807726812cf788c5d8c0316.png",
        "가격정책": "마마캣 회원등급 할인 상품",
        "유통기한": "2023.12.10.",
        "정상 소비자가": "2,800원",
        "마마캣 판매가": "1,900원",
        "가장 높은 회원등급 할인 적용시 구매가": "1,810원 (최대 90원 할인)",
        "원산지": "캐나다",
        "제조자 | 수입자": "BOREAL | ㈜피제이글로벌",
        "사용 연령": "전연령 (3개월 이상)",
        "100g 가격": "2,375원",
        "포장단위별 용량, 수량": "80g",
        "법에 의한 인증 및 허가": "사료관리법에 따른 수입신고를 필함",
        "원료구성": "칠면조, 칠면조수프, 송어, 칠면조간, 생선기름, 완두콩, 콩, 인산이칼슘, 호로파씨앗, 렌틸콩, 탄산칼슘, 소금, 전란, 아마씨, 레시틴, 염화콜린, 염화칼륨, 유카시디게라추출물, 완두콩섬유, 타우린, L-Ascorbyl-2-Polyphosphate (비타민C의 원료) 등",
        "성분구성": "조단백질 8.0%이상, 조지방 7.5%이상, 조섬유 1.0%이하, 조회분 1.0%이하, 수분 78.0%이하, 칼슘 0.44%이상, 인 0.41%이상",
        "현재 재고 수량": "10개",
        "소비자 상담 전화": "마마캣 고객센터 (1544-6141)",
        "제품 보관방법": "직사광선이 없는 곳에 실온 보관"
    },
    {
        "id": 504,
        "name": "보레알 캣 펑셔널 그레인프리 시니어 치킨 2.26kg",
        "image": "https://mamacat.co.kr/web/product/big/20200511/95662a487882cd71fd953de3113a2eab.png",
        "상품 간략설명": "노묘용 | 홀리스틱 (1548원/100g당)",
        "가격정책": "마마캣 회원등급 할인 상품",
        "유통기한": "2022.03.08.",
        "사료등급": "홀리스틱",
        "정상 소비자가": "39,800원",
        "마마캣 판매가": "35,000원",
        "가장 높은 회원등급 할인 적용시 구매가": "33,250원 (최대 1,750원 할인)",
        "원산지": "캐나다",
        "제조자 | 수입자": "BOREAL | ㈜피제이글로벌",
        "사용 연령": "노묘용 (7세 이상)",
        "100g 가격": "1,548원",
        "포장단위별 용량, 수량": "2.26kg",
        "법에 의한 인증 및 허가": "사료관리법에 따른 수입신고를 필함",
        "원료구성": "닭고기, 고구마, 메밀, 호박, 렌즈콩, 닭고기지방, 말린계란, 천연향, 아마씨, 레시틴, 말린억새풀, 연어오일, 인산이칼슘, 블루베리, 크랜베리, 사과, 시금치, 염화콜린, 칼슘프로 피오네이트, 삼인산나트륨, 탄산칼슘, 소금, 타우린 등",
        "성분구성": "조단백 30.0%이상, 조지방 15.0%이상, 조섬유 7.0%이하, 조회분 7.0%이하, 칼슘 1.0%이상, 인 0.8%이상, 수분 10.0%이하, 오메가6 지방산 4.1%이상, 오메가3 지방산 1.10%이상, 아연 100ppm, 글루코사민 400mg/kg이상, 칼로리 약 362kcal/100g",
        "현재 재고 수량": "5개",
        "소비자 상담 전화": "마마캣 고객센터 (1544-6141)",
        "제품 포장 유형": "통포장 (지퍼팩 있음)",
        "제품 보관방법": "직사광선이 없는 곳에 실온 보관"
    },
    {
        "id": 505,
        "name": "보레알 캣 펑셔널 그레인프리 인도어 치킨 2.26kg",
        "image": "https://mamacat.co.kr/web/product/big/20200511/4df1b38593c094e9236a8595d347d6b6.png",
        "상품 간략설명": "성묘용 | 홀리스틱 (1548원/100g당)",
        "가격정책": "마마캣 회원등급 할인 상품",
        "유통기한": "2021.10.22.",
        "사료등급": "홀리스틱",
        "정상 소비자가": "39,800원",
        "마마캣 판매가": "35,000원",
        "가장 높은 회원등급 할인 적용시 구매가": "33,250원 (최대 1,750원 할인)",
        "원산지": "캐나다",
        "제조자 | 수입자": "BOREAL | ㈜피제이글로벌",
        "사용 연령": "성묘용 (1세 이상)",
        "100g 가격": "1,548원",
        "포장단위별 용량, 수량": "2.26kg",
        "법에 의한 인증 및 허가": "사료관리법에 따른 수입신고를 필함",
        "원료구성": "닭고기, 고구마, 메밀, 호박, 렌즈콩, 닭고기지방, 말린계란, 천연향, 아마씨, 레시틴, 말린억새풀, 연어오일, 인산이칼슘, 블루베리, 크랜베리, 사과, 시금치, 염화콜린, 칼슘프로 피오네이트, 삼인산나트륨, 탄산칼슘, 소금, 타우린 등",
        "성분구성": "조단백 32.0%이상, 조지방 12.0%이상, 조섬유 7.0%이하, 조회분 7.0%이하, 칼슘 1.0%이상, 인 0.9%이상, 수분 10.0%이하, 오메가6 지방산 3.7%이상, 오메가3 지방산 1.10%이상, 아연 100ppm, 칼로리 약 345kcal/100g",
        "현재 재고 수량": "3개",
        "소비자 상담 전화": "마마캣 고객센터 (1544-6141)",
        "제품 포장 유형": "통포장 (지퍼팩 있음)",
        "제품 보관방법": "직사광선이 없는 곳에 실온 보관"
    },
    {
        "id": 506,
        "name": "보레알 캣 프로퍼 치킨 2.26kg",
        "image": "https://mamacat.co.kr/web/product/big/20200511/c65a2351d3cb320e0b1c361f408e0dd5.png",
        "상품 간략설명": "전연령 | 슈퍼프리미엄 (1106원/100g당)",
        "가격정책": "마마캣 회원등급 할인 상품",
        "유통기한": "2021.11.05.",
        "사료등급": "슈퍼프리미엄",
        "정상 소비자가": "28,000원",
        "마마캣 판매가": "25,000원",
        "가장 높은 회원등급 할인 적용시 구매가": "23,750원 (최대 1,250원 할인)",
        "원산지": "캐나다",
        "제조자 | 수입자": "BOREAL | ㈜피제이글로벌",
        "사용 연령": "전연령 (3개월 이상)",
        "100g 가격": "1,106원",
        "포장단위별 용량, 수량": "2.26kg",
        "법에 의한 인증 및 허가": "사료관리법에 따른 수입신고를 필함",
        "원료구성": "닭고기, 현미, 귀리, 진주보리, 닭고기지방, 청어, 사과, 가수분해닭고기단백질, 천연향, 아마씨, 염화나트륨, 염화칼륨, 메티오닌, 염화콜린, 타우린, 치아씨, 비타민E, 아연아미노산복합체, 니아신, 엽산, 비타민B12 등",
        "성분구성": "조단백 32.0%이상, 조지방 15.0%이상, 조섬유 3.5%이하, 조회분 7.5%이하, 칼슘 1.3%이상, 인 1.0%이상, 수분 10.0%이하, 오메가6 지방산 2.63%, 오메가3 지방산 0.54%, 아연 100ppm, 열량 351kcal/100g",
        "현재 재고 수량": "1개",
        "소비자 상담 전화": "마마캣 고객센터 (1544-6141)",
        "제품 포장 유형": "통포장 (지퍼팩)",
        "제품 보관방법": "직사광선이 없는 곳에 실온 보관"
    },
    {
        "id": 507,
        "name": "보레알 캣 프로퍼 치킨 5.44kg",
        "image": "https://mamacat.co.kr/web/product/big/20200511/9606ede1127207ea500180714aaaf8c9.png",
        "상품 간략설명": "전연령 | 슈퍼프리미엄 (790원/100g당)",
        "가격정책": "마마캣 회원등급 할인 상품",
        "유통기한": "2022.08.01.",
        "사료등급": "슈퍼프리미엄",
        "정상 소비자가": "48,000원",
        "마마캣 판매가": "43,000원",
        "가장 높은 회원등급 할인 적용시 구매가": "40,850원 (최대 2,150원 할인)",
        "원산지": "캐나다",
        "제조자 | 수입자": "BOREAL | ㈜피제이글로벌",
        "사용 연령": "전연령 (3개월 이상)",
        "100g 가격": "790원",
        "포장단위별 용량, 수량": "5.44kg",
        "법에 의한 인증 및 허가": "사료관리법에 따른 수입신고를 필함",
        "원료구성": "닭고기, 현미, 귀리, 진주보리, 닭고기지방, 청어, 사과, 가수분해닭고기단백질, 천연향, 아마씨, 염화나트륨, 염화칼륨, 메티오닌, 염화콜린, 타우린, 치아씨, 비타민E, 아연아미노산복합체, 니아신, 엽산, 비타민B12 등",
        "성분구성": "조단백 32.0%이상, 조지방 15.0%이상, 조섬유 3.5%이하, 조회분 7.5%이하, 칼슘 1.3%이상, 인 1.0%이상, 수분 10.0%이하, 오메가6 지방산 2.63%, 오메가3 지방산 0.54%, 아연 100ppm, 열량 351kcal/100g",
        "현재 재고 수량": "4개",
        "소비자 상담 전화": "마마캣 고객센터 (1544-6141)",
        "제품 포장 유형": "통포장 (지퍼팩 있음)",
        "제품 보관방법": "직사광선이 없는 곳에 실온 보관"
    },
    {
        "id": 508,
        "name": "브레이버리 캣 스테럴라이즈 어덜트 연어 2kg",
        "image": "https://mamacat.co.kr/web/product/big/20191118/ff2e56b6a73ebbe826b62d9fbfc30fa5.jpg",
        "상품 간략설명": "성묘용 | 슈퍼프리미엄 (1350원/100g당)",
        "가격정책": "마마캣 회원등급 할인 상품",
        "유통기한": "2022.09.05.",
        "사료등급": "슈퍼프리미엄",
        "정상 소비자가": "32,000원",
        "마마캣 판매가": "27,000원",
        "가장 높은 회원등급 할인 적용시 구매가": "25,650원 (최대 1,350원 할인)",
        "원산지": "스페인",
        "제조자 | 수입자": "BRAVERYPETFOOD.ES | 나누리펫",
        "사용 연령": "성묘용 (12개월 이상)",
        "100g 가격": "1350원",
        "포장단위별 용량, 수량": "2kg",
        "법에 의한 인증 및 허가": "사료관리법에 따른 수입신고를 필함",
        "원료구성": "수분을 제거한 연어고기, 타피오카, 가금류오일, 가수분해 연어단백질, 완두콩, 감자단백질, 효모/효모추출물, 천연셀룰로오스, 고구마, 비트펄프, 캐롭빈, 연어오일, 미네랄, 이눌린, 식이섬유질, 에센셜 오일, 유카, 가수분해갑각류 등 (상세페이지 참고)",
        "성분구성": "조단백 33%이상, 조지방 12%이상, 조섬유 5%이하, 조회분 7.9%이하, 칼슘 1.2%이상, 인 1%이상, 소듐 0.7%, 마그네슘 0.09%, 수분 8%이하, EPA+DHA 0.5%, 글루코사민 염산염 300mg/kg, 콘드로이틴 황산염 220mg/kg",
        "현재 재고 수량": "10개",
        "소비자 상담 전화": "마마캣 고객센터 (1544-6141)",
        "제품 포장 유형": "통포장 (지퍼팩 있음)"
    },
    {
        "id": 509,
        "name": "브레이버리 캣 스테럴라이즈 어덜트 연어 7kg",
        "image": "https://mamacat.co.kr/web/product/big/20191118/1d648a95b806440ca478b4259e880120.jpg",
        "상품 간략설명": "성묘용 | 슈퍼프리미엄 (1003원/100g당)",
        "가격정책": "마마캣 회원등급 할인 상품",
        "유통기한": "2022.09.05.",
        "사료등급": "슈퍼프리미엄",
        "정상 소비자가": "85,000원",
        "마마캣 판매가": "70,200원",
        "가장 높은 회원등급 할인 적용시 구매가": "66,690원 (최대 3,510원 할인)",
        "원산지": "스페인",
        "제조자 | 수입자": "BRAVERYPETFOOD.ES | 나누리펫",
        "사용 연령": "성묘용 (12개월 이상)",
        "100g 가격": "1003원",
        "포장단위별 용량, 수량": "7kg",
        "법에 의한 인증 및 허가": "사료관리법에 따른 수입신고를 필함",
        "원료구성": "수분을 제거한 연어고기, 타피오카, 가금류오일, 가수분해 연어단백질, 완두콩, 감자단백질, 효모/효모추출물, 천연셀룰로오스, 고구마, 비트펄프, 캐롭빈, 연어오일, 미네랄, 이눌린, 식이섬유질, 에센셜 오일, 유카, 가수분해갑각류 등 (상세페이지 참고)",
        "성분구성": "조단백 33%이상, 조지방 12%이상, 조섬유 5%이하, 조회분 7.9%이하, 칼슘 1.2%이상, 인 1%이상, 소듐 0.7%, 마그네슘 0.09%, 수분 8%이하, EPA+DHA 0.5%, 글루코사민 염산염 300mg/kg, 콘드로이틴 황산염 220mg/kg",
        "현재 재고 수량": "9개",
        "소비자 상담 전화": "마마캣 고객센터 (1544-6141)",
        "제품 포장 유형": "통포장 (지퍼팩 있음)"
    },
    {
        "id": 510,
        "name": "브레이버리 캣 스테럴라이즈 어덜트 치킨 2kg",
        "image": "https://mamacat.co.kr/web/product/big/20191118/b5d07617f2845850a986211175cda463.jpg",
        "상품 간략설명": "성묘용 | 슈퍼프리미엄 (1350원/100g당)",
        "가격정책": "마마캣 회원등급 할인 상품",
        "유통기한": "2022.06.23.",
        "사료등급": "슈퍼프리미엄",
        "정상 소비자가": "32,000원",
        "마마캣 판매가": "27,000원",
        "가장 높은 회원등급 할인 적용시 구매가": "25,650원 (최대 1,350원 할인)",
        "원산지": "스페인",
        "제조자 | 수입자": "BRAVERYPETFOOD.ES | 나누리펫",
        "사용 연령": "성묘용 (12개월 이상)",
        "100g 가격": "1350원",
        "포장단위별 용량, 수량": "2kg",
        "법에 의한 인증 및 허가": "사료관리법에 따른 수입신고를 필함",
        "원료구성": "수분을 제거한 닭고기, 타피오카, 가금류오일, 가수분해 닭고기단백질, 완두콩, 효모/효모추출물, 가수분해 닭간, 어류오일, 캐롭빈, 건조계란, 감자단백질, 고구마, 비트펄프, 이눌린, 천연 셀룰로오스, 미네랄, 식이섬유질, 에센셜오일 등 (상세페이지 참고)",
        "성분구성": "조단백 33%이상, 조지방 12%이상, 조섬유 5%이하, 조회분 7.9%이하, 칼슘 1.2%이상, 인 1%이상, 소듐 0.7%, 마그네슘 0.09%, 수분 8%이하, EPA+DHA 0.5%, 글루코사민 염산염 300mg/kg, 콘드로이틴 황산염 220mg/kg",
        "현재 재고 수량": "10개",
        "소비자 상담 전화": "마마캣 고객센터 (1544-6141)",
        "제품 포장 유형": "통포장 (지퍼팩 있음)"
    },
    {
        "id": 511,
        "name": "브레이버리 캣 스테럴라이즈 어덜트 치킨 7kg",
        "image": "https://mamacat.co.kr/web/product/big/20191118/d8d68d7d804ae22890de407f996d655a.jpg",
        "상품 간략설명": "성묘용 | 슈퍼프리미엄 (1003원/100g당)",
        "가격정책": "마마캣 회원등급 할인 상품",
        "유통기한": "2022.06.23.",
        "사료등급": "슈퍼프리미엄",
        "정상 소비자가": "85,000원",
        "마마캣 판매가": "70,200원",
        "가장 높은 회원등급 할인 적용시 구매가": "66,690원 (최대 3,510원 할인)",
        "원산지": "스페인",
        "제조자 | 수입자": "BRAVERYPETFOOD.ES | 나누리펫",
        "사용 연령": "성묘용 (12개월 이상)",
        "100g 가격": "1003원",
        "포장단위별 용량, 수량": "7kg",
        "법에 의한 인증 및 허가": "사료관리법에 따른 수입신고를 필함",
        "원료구성": "수분을 제거한 닭고기, 타피오카, 가금류오일, 가수분해 닭고기단백질, 완두콩, 효모/효모추출물, 가수분해 닭간, 어류오일, 캐롭빈, 건조계란, 감자단백질, 고구마, 비트펄프, 이눌린, 천연 셀룰로오스, 미네랄, 식이섬유질, 에센셜오일 등 (상세페이지 참고)",
        "성분구성": "조단백 33%이상, 조지방 12%이상, 조섬유 5%이하, 조회분 7.9%이하, 칼슘 1.2%이상, 인 1%이상, 소듐 0.7%, 마그네슘 0.09%, 수분 8%이하, EPA+DHA 0.5%, 글루코사민 염산염 300mg/kg, 콘드로이틴 황산염 220mg/kg",
        "현재 재고 수량": "12개",
        "소비자 상담 전화": "마마캣 고객센터 (1544-6141)",
        "제품 포장 유형": "통포장 (지퍼팩 있음)"
    },
    {
        "id": 512,
        "name": "브레이버리 캣 키튼 치킨 2kg",
        "image": "https://mamacat.co.kr/web/product/big/20191118/6657e6483aed2b6ddcf1daa6de566150.jpg",
        "상품 간략설명": "자묘용 | 슈퍼프리미엄 (1350원/100g당)",
        "가격정책": "마마캣 회원등급 할인 상품",
        "유통기한": "2022.07.25.",
        "사료등급": "슈퍼프리미엄",
        "정상 소비자가": "32,000원",
        "마마캣 판매가": "27,000원",
        "가장 높은 회원등급 할인 적용시 구매가": "25,650원 (최대 1,350원 할인)",
        "원산지": "스페인",
        "제조자 | 수입자": "BRAVERYPETFOOD.ES | 나누리펫",
        "사용 연령": "자묘용 (12개월 이하)",
        "100g 가격": "1350원",
        "포장단위별 용량, 수량": "2kg",
        "법에 의한 인증 및 허가": "사료관리법에 따른 수입신고를 필함",
        "원료구성": "수분을 제거한 닭고기, 타피오카, 가금류오일, 가수분해 닭고기단백질, 완두콩, 효모/효모추출물, 가수분해 닭간, 어류오일, 캐롭빈, 건조계란, 감자단백질, 고구마, 비트펄프, 이눌린, 천연 셀룰로오스, 미네랄, 식이섬유질, 에센셜오일 등 (상세페이지 참고)",
        "성분구성": "조단백 38%이상, 조지방 18%이상, 조섬유 1.9%이하, 조회분 7.8%이하, 칼슘 1.3%이상, 인 1%이상, 소듐 0.4%, 마그네슘 0.09%, 수분 8%이하, EPA+DHA 0.5%, 글루코사민 염산염 300mg/kg, 콘드로이틴 황산염 220mg/kg",
        "현재 재고 수량": "12개",
        "소비자 상담 전화": "마마캣 고객센터 (1544-6141)",
        "제품 포장 유형": "통포장 (지퍼팩 있음)"
    },
    {
        "id": 513,
        "name": "블랙호크 캣 습식파우치 시니어 닭고기, 연어 85g",
        "image": "https://mamacat.co.kr/web/product/big/202007/ab6eea0c3eeca3f1b84cdaec382530db.jpg",
        "가격정책": "마마캣 회원등급 할인 상품",
        "유통기한": "2022.07.01.",
        "정상 소비자가": "3,500원",
        "마마캣 판매가": "3,300원",
        "가장 높은 회원등급 할인 적용시 구매가": "3,140원 (최대 160원 할인)",
        "원산지": "호주",
        "제조자 | 수입자": "Black Hawk Pet Care | 주식회사 지앤원",
        "사용 연령": "노묘용 (7세 이상)",
        "100g 가격": "3,882원",
        "포장단위별 용량, 수량": "85g",
        "법에 의한 인증 및 허가": "사료관리법에 따른 수입신고를 필함",
        "원료구성": "닭고기, 완두콩, 닭고기육수, 혈장단백질, 연어, 오션피쉬, 달걀, 섬유질, 필수비타민&미네랄 (전성분 상세페이지 참조), 구아검, 카르지난, 소금, 로커스트빈검, 카라멜, 크산탄검, 타우린, 에뮤오일, 피쉬오일, 글루코사민, 크랜베리, 블루베리, 코코넛, 호박 등",
        "성분구성": "조단백질 8.0%이상, 조지방 4.0%이상, 조섬유 1.0%이하, 조회분 2.0%이하, 수분 80.0%이하, 칼슘 0.6%이상, 인 0.5%이상",
        "현재 재고 수량": "15개",
        "소비자 상담 전화": "마마캣 고객센터 (1544-6141)",
        "제품 포장 유형": "비닐파우치"
    },
    {
        "id": 514,
        "name": "블랙호크 캣 습식파우치 어덜트 3종 맛보기 85g × 3개",
        "image": "https://mamacat.co.kr/web/product/big/202007/8035c3faefd36fa916b32ffce9a4c749.jpg",
        "가격정책": "마마캣 회원등급 할인 상품",
        "유통기한": "2021.12.01",
        "정상 소비자가": "10,500원",
        "마마캣 판매가": "9,900원",
        "가장 높은 회원등급 할인 적용시 구매가": "9,410원 (최대 490원 할인)",
        "원산지": "호주",
        "제조자 | 수입자": "Black Hawk Pet Care | 주식회사 지앤원",
        "사용 연령": "성묘용 (12개월 이상)",
        "100g 가격": "3,882원",
        "포장단위별 용량, 수량": "85g × 3개",
        "법에 의한 인증 및 허가": "사료관리법에 따른 수입신고를 필함",
        "원료구성": "각 상세페이지 참조",
        "성분구성": "각 상세페이지 참조",
        "현재 재고 수량": "13개",
        "소비자 상담 전화": "마마캣 고객센터 (1544-6141)",
        "제품 포장 유형": "비닐파우치"
    },
    {
        "id": 515,
        "name": "블랙호크 캣 습식파우치 어덜트 닭고기, 소고기&양고기 85g",
        "image": "https://mamacat.co.kr/web/product/big/202007/0fcfda405a26ac48dfd2b7ded89be2d8.jpg",
        "가격정책": "마마캣 회원등급 할인 상품",
        "유통기한": "2022.04.01.",
        "정상 소비자가": "3,500원",
        "마마캣 판매가": "3,310원",
        "가장 높은 회원등급 할인 적용시 구매가": "3,150원 (최대 160원 할인)",
        "원산지": "호주",
        "제조자 | 수입자": "Black Hawk Pet Care | 주식회사 지앤원",
        "사용 연령": "성묘용 (12개월 이상)",
        "100g 가격": "3,894원",
        "포장단위별 용량, 수량": "85g",
        "법에 의한 인증 및 허가": "사료관리법에 따른 수입신고를 필함",
        "원료구성": "닭고기, 닭고기육수, 완두콩, 쇠고기, 혈장단백질, 양고기, 당근, 깍지콩, 달걀, 필수비타민&미네랄 (전성분 상세페이지 참조), 아마기름, 해바라기기름, 구아검, 소금, 카라멜, 크산탄검, 타우린, 에뮤오일, 글루코사민 상어연골 등",
        "성분구성": "조단백질 8.5%이상, 조지방 5.0%이상, 조섬유 1.0%이하, 조회분 2.0%이하, 수분 80.0%이하, 칼슘 0.6%이상, 인 0.5%이상",
        "현재 재고 수량": "20개",
        "소비자 상담 전화": "마마캣 고객센터 (1544-6141)",
        "제품 포장 유형": "비닐파우치"
    },
    {
        "id": 516,
        "name": "블랙호크 캣 습식파우치 어덜트 닭고기, 양고기 85g",
        "image": "https://mamacat.co.kr/web/product/big/202007/fc4367a2343133e5977132b1868abd91.jpg",
        "가격정책": "마마캣 회원등급 할인 상품",
        "유통기한": "2022.04.01.",
        "정상 소비자가": "3,500원",
        "마마캣 판매가": "3,310원",
        "가장 높은 회원등급 할인 적용시 구매가": "3,150원 (최대 160원 할인)",
        "원산지": "호주",
        "제조자 | 수입자": "Black Hawk Pet Care | 주식회사 지앤원",
        "사용 연령": "성묘용 (12개월 이상)",
        "100g 가격": "3,894원",
        "포장단위별 용량, 수량": "85g",
        "법에 의한 인증 및 허가": "사료관리법에 따른 수입신고를 필함",
        "원료구성": "닭고기, 닭고기육수, 완두콩, 양고기, 혈장단백질, 달걀, 필수비타민&미네랄 (전성분 상세페이지 참조), 아마기름, 해바라기기름, 구아검, 카라지난, 소금, 로커스트빈검, 카라멜, 크산탄검, 타우린, 에뮤오일, 글루코시만, 상어연골 등",
        "성분구성": "조단백질 8.5%이상, 조지방 5.0%이상, 조섬유 1.0%이하, 조회분 2.0%이하, 수분 80.0%이하, 칼슘 0.6%이상, 인 0.5%이상",
        "현재 재고 수량": "8개",
        "소비자 상담 전화": "마마캣 고객센터 (1544-6141)",
        "제품 포장 유형": "비닐파우치"
    },
    {
        "id": 517,
        "name": "블랙호크 캣 습식파우치 어덜트 닭고기, 참치&오션피쉬 85g",
        "image": "https://mamacat.co.kr/web/product/big/202007/d166827a2c47b362c8b5beab82b282a2.jpg",
        "가격정책": "마마캣 회원등급 할인 상품",
        "유통기한": "2022.05.01.",
        "정상 소비자가": "3,500원",
        "마마캣 판매가": "3,310원",
        "가장 높은 회원등급 할인 적용시 구매가": "3,150원 (최대 160원 할인)",
        "원산지": "호주",
        "제조자 | 수입자": "Black Hawk Pet Care | 주식회사 지앤원",
        "사용 연령": "성묘용 (12개월 이상)",
        "100g 가격": "3,894원",
        "포장단위별 용량, 수량": "85g",
        "법에 의한 인증 및 허가": "사료관리법에 따른 수입신고를 필함",
        "원료구성": "닭고기, 완두콩, 닭고기육수, 혈장단백질, 참치, 오션피쉬, 달걀, 피쉬오일, 필수비타민&미네랄 (전성분 상세페이지 참조), 구아검, 소금, 카라멜, 크산탄ㄴ검, 타우린, 에뮤오일, 글루코사민, 상어연골 등",
        "성분구성": "조단백질 7.5%이상, 조지방 5.0%이상, 조섬유 1.0%이하, 조회분 2.0%이하, 수분 80.0%이하, 칼슘 0.6%이상, 인 0.5%이상",
        "현재 재고 수량": "21개",
        "소비자 상담 전화": "마마캣 고객센터 (1544-6141)",
        "제품 포장 유형": "비닐파우치"
    },
    {
        "id": 518,
        "name": "블랙호크 캣 습식파우치 키튼 닭고기, 완두콩&수프 85g",
        "image": "https://mamacat.co.kr/web/product/big/202007/a23d29ade3aac2445fa413a70f234602.jpg",
        "가격정책": "마마캣 회원등급 할인 상품",
        "유통기한": "2022.06.01.",
        "정상 소비자가": "3,500원",
        "마마캣 판매가": "3,300원",
        "가장 높은 회원등급 할인 적용시 구매가": "3,140원 (최대 160원 할인)",
        "원산지": "호주",
        "제조자 | 수입자": "Black Hawk Pet Care | 주식회사 지앤원",
        "사용 연령": "자묘용 (12개월 이하)",
        "100g 가격": "3,882원",
        "포장단위별 용량, 수량": "85g",
        "법에 의한 인증 및 허가": "사료관리법에 따른 수입신고를 필함",
        "원료구성": "닭고기, 완두콩, 닭고기육수, 혈장단백질, 달걀, 필수비타민&미네랄 (전성분 상세페이지 참조), 아마기름, 해바라기기름, 구아검, 소금, 카라멜, 크산탄검, 타우린, 에뮤오일, 글루코사민, 상어연골, 크랜베리, 블루베리, 코코넛 등",
        "성분구성": "조단백질 8.0%이상, 조지방 5.0%이상, 조섬유 1.0%이하, 조회분 2.0%이하, 수분 80.0%이하, 칼슘 1.0%이상, 인 0.8%이상",
        "현재 재고 수량": "20개",
        "소비자 상담 전화": "마마캣 고객센터 (1544-6141)",
        "제품 포장 유형": "비닐파우치"
    },
    {
        "id": 519,
        "name": "블루베이 애니메잇 그레인프리 캣 인도어 헤어볼 연어&치킨 2kg",
        "image": "https://mamacat.co.kr/web/product/big/20200619/c39411dfa3b228e8df6e763169839e01.jpg",
        "상품 간략설명": "성묘용 | 홀리스틱 (1620원/100g당)",
        "가격정책": "마마캣 회원등급 할인 상품",
        "유통기한": "2021.11.21.",
        "정상 소비자가": "36,000원",
        "마마캣 판매가": "32,400원",
        "가장 높은 회원등급 할인 적용시 구매가": "30,780원 (최대 1,620원 할인)",
        "원산지": "대만",
        "제조자 | 수입자": "Yinbao Pet Health Enterprise Co.,Ltd. | 나누리펫",
        "사용 연령": "성묘용 (12개월 이상)",
        "100g 가격": "1,620원",
        "포장단위별 용량, 수량": "2kg",
        "법에 의한 인증 및 허가": "성분등록번호 : 제ZZEYE0017호",
        "원료구성": "말린 연어살, 뼈없는 닭고기, 건조 닭고기, 완두, 타피오카, 알레스카 대구 오일, 고등어, 정어리, 가리비, 신선한 닭 기름, 콩기름(토코페롤), 가수분해 닭간, 유기농 달걀, 토마토, 크랜베리, 사과, 당근, 마, 호박, 유기농 압착 버진 코코넛 오일, 말린 비트 등",
        "성분구성": "조단백질 33%이상, 조지방 16%이상, 조섬유 3%이하, 조회분 6%이하, 칼슘 1%이상, 인 0.8%이상, 마그네슘 0.1%, 수분 10% 이하",
        "현재 재고 수량": "11개",
        "소비자 상담 전화": "마마캣 고객센터 (1544-6141)",
        "제품 보관방법": "직사광선을 피해 건조하고 서늘한 곳에 보관"
    },
    {
        "id": 520,
        "name": "블루베이 애니메잇 그레인프리 캣 인도어 헤어볼 연어&치킨 400g",
        "image": "https://mamacat.co.kr/web/product/big/20200619/a3ad42f4cffc64cbd3d2d256b40b4160.jpg",
        "상품 간략설명": "성묘용 | 홀리스틱 (2812원/100g당)",
        "가격정책": "마마캣 회원등급 할인 상품",
        "유통기한": "2021.11.20.",
        "정상 소비자가": "12,500원",
        "마마캣 판매가": "11,250원",
        "가장 높은 회원등급 할인 적용시 구매가": "10,690원 (최대 560원 할인)",
        "원산지": "대만",
        "제조자 | 수입자": "Yinbao Pet Health Enterprise Co.,Ltd. | 나누리펫",
        "사용 연령": "성묘용(12개월 이상)",
        "100g 가격": "2,812원",
        "포장단위별 용량, 수량": "400g",
        "법에 의한 인증 및 허가": "성분등록번호 : 제ZZEYE0017호",
        "원료구성": "말린 연어살, 뼈없는 닭고기, 건조 닭고기, 완두, 타피오카, 알레스카 대구 오일, 고등어, 정어리, 가리비, 신선한 닭 기름, 콩기름(토코페롤), 가수분해 닭간, 유기농 달걀, 토마토, 크랜베리, 사과, 당근, 마, 호박, 유기농 압착 버진 코코넛 오일, 말린 비트 등",
        "성분구성": "조단백질 33%이상, 조지방 16%이상, 조섬유 3%이하, 조회분 6%이하, 칼슘 1%이상, 인 0.8%이상, 마그네슘 0.1%, 수분 10% 이하",
        "현재 재고 수량": "2개",
        "소비자 상담 전화": "마마캣 고객센터 (1544-6141)",
        "제품 보관방법": "직사광선을 피해 건조하고 서늘한 곳에 보관"
    },
    {
        "id": 521,
        "name": "블루베이 애니메잇 그레인프리 캣 퍼시캣 호흡기 참치&가리비 400g",
        "image": "https://mamacat.co.kr/web/product/big/20200619/409f1b39316e0fb12f12083a7f25a3f4.jpg",
        "상품 간략설명": "성묘용 | 홀리스틱 (2812원/100g당)",
        "가격정책": "마마캣 회원등급 할인 상품",
        "유통기한": "2021.11.19.",
        "정상 소비자가": "12,500원",
        "마마캣 판매가": "11,250원",
        "가장 높은 회원등급 할인 적용시 구매가": "10,690원 (최대 560원 할인)",
        "원산지": "대만",
        "제조자 | 수입자": "Yinbao Pet Health Enterprise Co.,Ltd. | 나누리펫",
        "사용 연령": "성묘용 (12개월 이상)",
        "100g 가격": "2,812원",
        "포장단위별 용량, 수량": "400g",
        "법에 의한 인증 및 허가": "제ZZEYE0018호",
        "원료구성": "혼합 생선 (참치, 고등어, 정어리), 신선한 건조 닭고기, 완두, 타피오카, 알레스카 대구 오일, 가리비, 신선한 닭 기름, 콩기름(토코페롤), 가수분해 닭간, 유기농 달걀, 토마토, 크랜베리, 사과, 당근, 마, 호박, 유기농 압착 버진 코코넛 오일, 말린 비트 등",
        "성분구성": "조단백질 35%이상, 조지방 18%이상, 조섬유 5%이하, 조회분 6%이하, 칼슘 1%이상, 인 0.8%이상, 마그네슘 0.1%, 수분 10%이하",
        "현재 재고 수량": "11개",
        "소비자 상담 전화": "마마캣 고객센터 (1544-6141)",
        "제품 보관방법": "직사광선을 피해 건조하고 서늘한 곳에 보관"
    },
    {
        "id": 522,
        "name": "블루키친 캣 그레인프리 블루런치 치킨&터키 2.27kg",
        "image": "https://mamacat.co.kr/web/product/big/20200427/baf51bcbf2e3622f1d8e7b74b8666891.jpg",
        "상품 간략설명": "전연령 | 홀리스틱 (1497원/100g당)",
        "가격정책": "마마캣 회원등급 할인 상품",
        "유통기한": "2022.03.01.",
        "사료등급": "홀리스틱",
        "정상 소비자가": "40,000원",
        "마마캣 판매가": "34,000원",
        "가장 높은 회원등급 할인 적용시 구매가": "32,300원 (최대 1,700원 할인)",
        "원산지": "미국",
        "제조자 | 수입자": "Vita-line Products, Inc | (주)산시아코리아",
        "사용 연령": "전연령 (3개월 이상)",
        "100g 가격": "1497원",
        "포장단위별 용량, 수량": "2.27kg",
        "법에 의한 인증 및 허가": "사료관리법에 따른 수입신고를 필함",
        "원료구성": "닭고기, 완두콩, 친면조, 병아리콩, 렌틸콩, 아황산수소나트륨, 치커리뿌리, 해초, 염화콜린, 베타인, 비타민E, 당근, 블루베리, 시금치, 파슬리, 석류, DL-메티오닌, L-라이신, 아연, 니아신, L-아스코르빌-2폴리인산염, 비타민A, 황산제일철, D-판토텐산칼슘 등",
        "성분구성": "조단백 30.0% 이상, 조지방 12.0% 이상, 조섬유 5.5% 이하, 조회분 10.0% 이하, 칼슘 1.0% 이상, 인 1.0% 이상, 수분 10.0% 이하",
        "현재 재고 수량": "2개",
        "소비자 상담 전화": "마마캣 고객센터 (1544-6141)",
        "제품 포장 유형": "통포장 (지퍼팩 있음)"
    },
    {
        "id": 523,
        "name": "블루키친 캣 그레인프리 블루오션 화이트피쉬&살몬 2.27kg",
        "image": "https://mamacat.co.kr/web/product/big/20200427/216ac9f12e075c21cd340417a9713505.jpg",
        "상품 간략설명": "전연령 | 홀리스틱 (1497원/100g당)",
        "가격정책": "마마캣 회원등급 할인 상품",
        "유통기한": "2022.02.17",
        "사료등급": "홀리스틱",
        "정상 소비자가": "40,000원",
        "마마캣 판매가": "34,000원",
        "가장 높은 회원등급 할인 적용시 구매가": "32,300원 (최대 1,700원 할인)",
        "원산지": "미국",
        "제조자 | 수입자": "Vita-line Products, Inc | (주)산시아코리아",
        "사용 연령": "전연령 (3개월 이상)",
        "100g 가격": "1497원",
        "포장단위별 용량, 수량": "2.27kg",
        "법에 의한 인증 및 허가": "사료관리법에 따른 수입신고를 필함",
        "원료구성": "흰살생선, 병아리콩, 연어, 완두콩, 감자전분, 감자단백질, 당근, 블루베리, 시금치, 파슬리, 석류, DL-메티오닌, L-라이신, 아연, 니아신, L-아스코르빌-2폴리인산염, 비타민A, 황산제이철, D-판토텐산칼슘, 티아민, 망간, 리보플라빈, 구리, 비타민D3, 엽산 등",
        "성분구성": "조단백 30.0% 이상, 조지방 8.0% 이상, 조섬유 5.5% 이하, 조회분 10.0% 이하, 칼슘 1.0% 이상, 인 1.0% 이상, 수분 10.0% 이하",
        "현재 재고 수량": "4개",
        "소비자 상담 전화": "마마캣 고객센터 (1544-6141)",
        "제품 포장 유형": "통포장 (지퍼팩 있음)"
    },
    {
        "id": 524,
        "name": "비어파 고양이전용 락톨 키튼 영양보충식 분유 250g",
        "image": "https://mamacat.co.kr/web/product/big/20191204/40a520f6278a572aae797da90a82613d.jpg",
        "가격정책": "최저마진",
        "유통기한": "2023.03.18.",
        "정상 소비자가": "20,000원",
        "마마캣 판매가": "12,920원",
        "원산지": "네덜란드",
        "제조자 | 수입자": "Beaphar | (주)채널펫",
        "사용 연령": "베이비 (0~2개월)",
        "100g 가격": "5,120원",
        "포장단위별 용량, 수량": "250g",
        "법에 의한 인증 및 허가": "사료관리법에 따른 수입신고를 필함",
        "원료구성": "분리유청단백질, 유청분말, 식물성오일, 미네랄류, 비타민류(비타민A, 비타민D3, 비타민B1, 비타민B2,판토텐산칼슘, 니코틴산아미드, 비타민B6, 비타민B12, 비타민C, 비타민E, 비오틴, 비타민K3, 콜린, 비타민E1, 비타민E2, 비타민E3, 비타민E5, 비타민E6 등), 타우린",
        "성분구성": "조단백 22.8%이상, 조지방 25.26%이하, 조회분 7.36%이하, 수분 3.68%이하",
        "현재 재고 수량": "8개",
        "소비자 상담 전화": "마마캣 고객센터 (1544-6141)"
    },
    {
        "id": 525,
        "name": "비어파 덴탈 캣 트릿 35g",
        "image": "https://mamacat.co.kr/web/product/big/20200616/e99773d671691dceabfebd37671f6f11.jpg",
        "가격정책": "마마캣 회원등급 할인 상품",
        "유통기한": "2022.10.12.",
        "정상 소비자가": "3,000원",
        "마마캣 판매가": "1,500원",
        "가장 높은 회원등급 할인 적용시 구매가": "1,430원 (최대 70원 할인)",
        "원산지": "네덜란드",
        "제조자 | 수입자": "Beaphar | (주)채널펫",
        "사용 연령": "생후 6주 이상",
        "100g 가격": "4285원",
        "포장단위별 용량, 수량": "35g",
        "법에 의한 인증 및 허가": "상세 설명 참조",
        "원료구성": "야채, 미네랄, 클로로필, 곡물, 미트밀, 닭기름, 글리세린, 인산이칼슘, 비타민류, 미네랄류",
        "성분구성": "조단백 28.50% 이상, 조섬유 4.42% 이하, 조회분 4.31% 이하, 조수분 10.10% 이하",
        "현재 재고 수량": "46개",
        "소비자 상담 전화": "마마캣 고객센터 (1544-6141)"
    },
    {
        "id": 526,
        "name": "비어파 몰트 비츠 35g",
        "image": "https://mamacat.co.kr/web/product/big/20200616/4fb10c3fbc0f22ff85a5ea7e17ccca8f.jpg",
        "가격정책": "마마캣 회원등급 할인 상품",
        "유통기한": "2022.06.16.",
        "정상 소비자가": "3,000원",
        "마마캣 판매가": "1,500원",
        "가장 높은 회원등급 할인 적용시 구매가": "1,430원 (최대 70원 할인)",
        "원산지": "네덜란드",
        "제조자 | 수입자": "Beaphar | (주)채널펫",
        "사용 연령": "생후 6주 이상",
        "100g 가격": "4285원",
        "포장단위별 용량, 수량": "35g",
        "법에 의한 인증 및 허가": "상세 설명 참조",
        "원료구성": "탈지분유, 닭기름, 글레세린, 맥아당, 미트밀, 올리고당, 마이즈, 글루텐, 효모, 미네랄류, 타우린",
        "성분구성": "조단백 29.45%이상, 조지방 9.50%이상, 조섬유 2.95%이상, 조회분 3.68%이하, 수분 9.47%이하, 인 0.58%이상, 칼슘 0.08%이상",
        "현재 재고 수량": "18개",
        "소비자 상담 전화": "마마캣 고객센터 (1544-6141)"
    },
    {
        "id": 527,
        "name": "비어파 스킨&코트 비츠 35g",
        "image": "https://mamacat.co.kr/web/product/big/20200616/57c0d8248081b8eb741cfaec0df9c436.jpg",
        "가격정책": "마마캣 회원등급 할인 상품",
        "유통기한": "2022.04.06.",
        "정상 소비자가": "3,000원",
        "마마캣 판매가": "1,500원",
        "가장 높은 회원등급 할인 적용시 구매가": "1,430원 (최대 70원 할인)",
        "원산지": "네덜란드",
        "제조자 | 수입자": "Beaphar | (주)채널펫",
        "사용 연령": "생후 6주 이상",
        "100g 가격": "4285원",
        "포장단위별 용량, 수량": "35g",
        "법에 의한 인증 및 허가": "상세 설명 참조",
        "원료구성": "옥수수, 옥수수글루텐, 밀, 서류전분, 아마인, 유당, 유장, 어유, 팜유, 야자유, 글리세린, 가금부산물건조분, 효모, 소금, 탄산칼슘, 과당",
        "성분구성": "조단백 28.5% 이상, 조지방 9.5% 이상, 조섬유 3.3% 이하, 조회분 3.8% 이하, 칼슘 0.13% 이상, 인 0.58% 이상, 수분 11.58% 이하",
        "현재 재고 수량": "48개",
        "소비자 상담 전화": "마마캣 고객센터 (1544-6141)"
    },
    {
        "id": 528,
        "name": "비어파 유리너리 비츠 35g",
        "image": "https://mamacat.co.kr/web/product/big/20200616/647c562fbc8d8f93caf527ff0e46ae60.jpg",
        "가격정책": "마마캣 회원등급 할인 상품",
        "유통기한": "2021.12.23.",
        "정상 소비자가": "3,000원",
        "마마캣 판매가": "1,500원",
        "가장 높은 회원등급 할인 적용시 구매가": "1,430원 (최대 70원 할인)",
        "원산지": "네덜란드",
        "제조자 | 수입자": "Beaphar | (주)채널펫",
        "사용 연령": "생후 6주 이상",
        "100g 가격": "4285원",
        "포장단위별 용량, 수량": "35g",
        "법에 의한 인증 및 허가": "상세 설명 참조",
        "원료구성": "시리얼(밀, 옥수수), 리그노셀룰로오즈, 어유, 유청단백질, 유청분말, 미네랄(소디움클로라이드, 칼슘카보네이트, 마그네슘하이드록사이드, 인산삼칼슘), 글루코사민, 새우밀, 가금육밀, 과당, 팜유, 야자유, 글리세린, 크랜베리 분말",
        "성분구성": "조단백 9.02% 이상, 조섬유 15.5% 이하, 조회분 3.66% 이하, 수분 10.0% 이하",
        "현재 재고 수량": "43개",
        "소비자 상담 전화": "마마캣 고객센터 (1544-6141)"
    },
    {
        "id": 529,
        "name": "비타크래프트 밀키멜로디 치즈 70g",
        "image": "https://mamacat.co.kr/web/product/big/sejun2523_5341.jpg",
        "가격정책": "마마캣 회원등급 할인 상품",
        "유통기한": "2022.02.",
        "정상 소비자가": "4,000원",
        "마마캣 판매가": "3,000원",
        "가장 높은 회원등급 할인 적용시 구매가": "2,850원 (최대 150원 할인)",
        "원산지": "독일",
        "제조자 | 수입자": "비타크래프트",
        "사용 연령": "4개월 이상 추천",
        "100g 가격": "4285원",
        "포장단위별 용량, 수량": "70g",
        "법에 의한 인증 및 허가": "사료관리법에 따른 수입신고를 필함",
        "원료구성": "우유파우더, 치즈, 이눌린",
        "성분구성": "조단백질 1.15%이상, 조지방 6.23%, 조회분 4.25%이상, 조섬유 3.8%이하, 칼슘 0.65%이상, 인 0.52%이하, 수분 88%이하",
        "현재 재고 수량": "17개",
        "소비자 상담 전화": "마마캣 고객센터 (1544-6141)"
    },
    {
        "id": 530,
        "name": "비타크래프트 밀키멜로디 퓨어 70g",
        "image": "https://mamacat.co.kr/web/product/big/sejun2523_5340.jpg",
        "가격정책": "마마캣 회원등급 할인 상품",
        "유통기한": "2022.07.",
        "정상 소비자가": "4,000원",
        "마마캣 판매가": "3,000원",
        "가장 높은 회원등급 할인 적용시 구매가": "2,850원 (최대 150원 할인)",
        "원산지": "독일",
        "제조자 | 수입자": "비타크래프트",
        "사용 연령": "4개월 이상 추천",
        "100g 가격": "4285원",
        "포장단위별 용량, 수량": "70g",
        "법에 의한 인증 및 허가": "사료관리법에 따른 수입신고를 필함",
        "원료구성": "우유파우더, 이눌린",
        "성분구성": "조단백질 1.15%이상, 조지방 6.23%, 조회분 4.25%이상, 조섬유 3.8%이하, 칼슘 0.65%이상, 인 0.52%이하, 수분 88%이하",
        "현재 재고 수량": "22개",
        "소비자 상담 전화": "마마캣 고객센터 (1544-6141)"
    },
    {
        "id": 531,
        "name": "비타크래프트 캣스틱 미니 가자미&오메가3 6g",
        "image": "https://mamacat.co.kr/web/product/big/20200616/820964bf515751a9a8aecb480baded75.jpg",
        "가격정책": "마마캣 회원등급 할인 상품",
        "유통기한": "2022.03.11.",
        "정상 소비자가": "1,400원",
        "마마캣 판매가": "800원",
        "가장 높은 회원등급 할인 적용시 구매가": "760원 (최대 40원 할인)",
        "원산지": "독일",
        "제조자 | 수입자": "비타크래프트",
        "사용 연령": "7개월 이상 추천",
        "100g 가격": "100원",
        "포장단위별 용량, 수량": "6g",
        "법에 의한 인증 및 허가": "사료관리법에 따른 수입신고를 필함",
        "원료구성": "가자미, 미네랄, 아마씨 파우더",
        "성분구성": "수분 31%이하, 조단백 30.5%이상, 조섬유 3.7%이하, 조회분 13%이하, 조지방 16%이상, 칼슘 0.01%이상, 인 0.01%이상",
        "현재 재고 수량": "8개",
        "소비자 상담 전화": "마마캣 고객센터 (1544-6141)"
    },
    {
        "id": 532,
        "name": "비타크래프트 캣스틱 미니 연어 6g × 3개",
        "image": "https://mamacat.co.kr/web/product/big/20200616/539c4f6c86fb7d43cb9c7e309a64e03a.jpg",
        "가격정책": "마마캣 회원등급 할인 상품",
        "유통기한": "2022.04.15.",
        "정상 소비자가": "3,200원",
        "마마캣 판매가": "2,200원",
        "가장 높은 회원등급 할인 적용시 구매가": "2,090원 (최대 110원 할인)",
        "원산지": "독일",
        "제조자 | 수입자": "비타크래프트",
        "사용 연령": "7개월 이상 추천",
        "100g 가격": "100원",
        "포장단위별 용량, 수량": "6g × 3개",
        "법에 의한 인증 및 허가": "사료관리법에 따른 수입신고를 필함",
        "원료구성": "닭고기,칠면조,돼지고기,연어,미네랄,비타민제합제",
        "성분구성": "조단백29%이상,조지방32%이하,조지방16%이상,조섬유4.5%이하,조회분12%이하,칼슘1%이상,인1%이상",
        "현재 재고 수량": "1개",
        "소비자 상담 전화": "마마캣 고객센터 (1544-6141)"
    },
    {
        "id": 533,
        "name": "비타크래프트 캣스틱 미니 연어 6g",
        "image": "https://mamacat.co.kr/web/product/big/20200616/f814d3a842036c43291c136ce6c6a474.jpg",
        "가격정책": "마마캣 회원등급 할인 상품",
        "유통기한": "2022.04.15.",
        "정상 소비자가": "1,400원",
        "마마캣 판매가": "800원",
        "가장 높은 회원등급 할인 적용시 구매가": "760원 (최대 40원 할인)",
        "원산지": "독일",
        "제조자 | 수입자": "비타크래프트",
        "사용 연령": "7개월 이상 추천",
        "100g 가격": "100원",
        "포장단위별 용량, 수량": "6g",
        "법에 의한 인증 및 허가": "사료관리법에 따른 수입신고를 필함",
        "원료구성": "닭고기,칠면조,돼지고기,연어,미네랄,비타민제합제",
        "성분구성": "조단백29%이상,조지방32%이하,조지방16%이상,조섬유4.5%이하,조회분12%이하,칼슘1%이상,인1%이상",
        "현재 재고 수량": "10개",
        "소비자 상담 전화": "마마캣 고객센터 (1544-6141)"
    },
    {
        "id": 534,
        "name": "비타크래프트 캣얌 골든레드피쉬 40g",
        "image": "https://mamacat.co.kr/web/product/big/202008/c299b798f848fc343c916ddd3989764c.jpg",
        "가격정책": "마마캣 회원등급 할인 상품",
        "유통기한": "2022.05.",
        "정상 소비자가": "4,000원",
        "마마캣 판매가": "3,000원",
        "가장 높은 회원등급 할인 적용시 구매가": "2,850원 (최대 150원 할인)",
        "원산지": "독일",
        "제조자 | 수입자": "비타크래프트",
        "사용 연령": "생후 6개월 이후",
        "100g 가격": "5500원",
        "포장단위별 용량, 수량": "40g",
        "법에 의한 인증 및 허가": "사료관리법에 따른 수입신고를 필함",
        "원료구성": "송어, 도미, 대두, 감자, 밀글루텐, 글리세린, 효모, 제일인산칼슘, 제일인산나트륨",
        "성분구성": "조단백 20%이상, 수분 47%이하, 조지방 9%이상, 조섬유 4%이하, 조회분 8%이하, 칼슘 0.1%이상, 인 0.01%이상",
        "현재 재고 수량": "28개",
        "소비자 상담 전화": "마마캣 고객센터 (1544-6141)"
    },
    {
        "id": 535,
        "name": "비타크래프트 캣얌 오션피쉬 40g",
        "image": "https://mamacat.co.kr/web/product/big/202008/8e5f12c20e2557aad0c2cee6883eff17.jpg",
        "가격정책": "마마캣 회원등급 할인 상품",
        "유통기한": "2022.05.",
        "정상 소비자가": "4,000원",
        "마마캣 판매가": "3,000원",
        "가장 높은 회원등급 할인 적용시 구매가": "2,850원 (최대 150원 할인)",
        "원산지": "독일",
        "제조자 | 수입자": "비타크래프트",
        "사용 연령": "생후 6개월 이후",
        "100g 가격": "5500원",
        "포장단위별 용량, 수량": "40g",
        "법에 의한 인증 및 허가": "사료관리법에 따른 수입신고를 필함",
        "원료구성": "농어, 도미, 대두, 감자, 밀글루텐, 글리세린, 제일인산칼슘, 제일인산나트륨",
        "성분구성": "조단백 20%이상, 수분 49%이하, 조지방 9%이상, 조섬유 8%이하, 조회분 8.3%이하, 칼슘 1%이상, 인 0.5%이상",
        "현재 재고 수량": "13개",
        "소비자 상담 전화": "마마캣 고객센터 (1544-6141)"
    },
    {
        "id": 536,
        "name": "비타크래프트 크리스피 크런치 덴탈 60g",
        "image": "https://mamacat.co.kr/web/product/big/20200616/0bf39b8d7e76b8d60c86be0163984f12.jpg",
        "가격정책": "마마캣 회원등급 할인 상품",
        "유통기한": "2022.08.",
        "정상 소비자가": "3,500원",
        "마마캣 판매가": "2,500원",
        "가장 높은 회원등급 할인 적용시 구매가": "2,380원 (최대 120원 할인)",
        "원산지": "독일",
        "제조자 | 수입자": "비타크래프트",
        "사용 연령": "생후 6개월 이후",
        "100g 가격": "4000원",
        "포장단위별 용량, 수량": "60g",
        "법에 의한 인증 및 허가": "사료관리법에 따른 수입신고를 필함",
        "원료구성": "동물성단백질혼합분(가금육),밀가루,해바라기유,밀글루텐,쌀,설룰로오즈,동물성혼합유지,서양박하,비타민합제",
        "성분구성": "조단백질 26%이상, 조지방 17%이상, 조회분 7%이하, 조섬유 8%이하, 칼슘 0.1%이상, 인 0.01%이하",
        "현재 재고 수량": "40개",
        "소비자 상담 전화": "마마캣 고객센터 (1544-6141)",
        "권장 급여량": "하루 15개이하"
    },
    {
        "id": 537,
        "name": "비타크래프트 크리스피 크런치 몰트/헤어볼 60g",
        "image": "https://mamacat.co.kr/web/product/big/20200616/b5517cc63198f982194f13c0b75fca95.jpg",
        "가격정책": "마마캣 회원등급 할인 상품",
        "유통기한": "2022.07.",
        "정상 소비자가": "3,500원",
        "마마캣 판매가": "2,500원",
        "가장 높은 회원등급 할인 적용시 구매가": "2,380원 (최대 120원 할인)",
        "원산지": "독일",
        "제조자 | 수입자": "비타크래프트",
        "사용 연령": "성묘용(12개월 이상)",
        "100g 가격": "4000원",
        "포장단위별 용량, 수량": "60g",
        "법에 의한 인증 및 허가": "사료관리법에 따른 수입신고를 필함",
        "원료구성": "곡류, 육류, 식물성유지, 식물성 단백질추출물, 비타민, 타우린, 항산화제",
        "성분구성": "조단백질 25%이상, 조지방 15%이상, 조회분 7%이하, 조섬유 5.5%이하, 칼슘 0.4%이상, 인 1.2%이하",
        "현재 재고 수량": "25개",
        "소비자 상담 전화": "마마캣 고객센터 (1544-6141)"
    },
    {
        "id": 538,
        "name": "비타크래프트 크리스피 크런치 연어 60g",
        "image": "https://mamacat.co.kr/web/product/big/20200616/ac14572122c6179ade7533e2f87bf41e.jpg",
        "가격정책": "마마캣 회원등급 할인 상품",
        "유통기한": "2022.08.",
        "정상 소비자가": "3,500원",
        "마마캣 판매가": "2,500원",
        "가장 높은 회원등급 할인 적용시 구매가": "2,380원 (최대 120원 할인)",
        "원산지": "독일",
        "제조자 | 수입자": "비타크래프트",
        "사용 연령": "성묘용(12개월 이상)",
        "100g 가격": "4000원",
        "포장단위별 용량, 수량": "60g",
        "법에 의한 인증 및 허가": "사료관리법에 따른 수입신고를 필함",
        "원료구성": "곡류, 효모, 식물성 단백질추출물, 동물성 육류, 미네랄, 알로에베라, 어류, 비타민, 타우린",
        "성분구성": "조단백질 25%이상, 조지방 15%이상, 조회분 7%이하, 조섬유 5.5%이하, 칼슘 0.4%이상, 인 1.2%이하",
        "현재 재고 수량": "31개",
        "소비자 상담 전화": "마마캣 고객센터 (1544-6141)"
    },
    {
        "id": 539,
        "name": "비타크래프트 크리스피 크런치 오리&아로니아 60g",
        "image": "https://mamacat.co.kr/web/product/big/20200616/f88a4083d6b57fd120e5e2c04a405f0b.jpg",
        "가격정책": "마마캣 회원등급 할인 상품",
        "유통기한": "2022.04.",
        "정상 소비자가": "3,500원",
        "마마캣 판매가": "2,500원",
        "가장 높은 회원등급 할인 적용시 구매가": "2,380원 (최대 120원 할인)",
        "원산지": "독일",
        "제조자 | 수입자": "비타크래프트",
        "사용 연령": "생후 6개월 이후",
        "100g 가격": "4000원",
        "포장단위별 용량, 수량": "60g",
        "법에 의한 인증 및 허가": "사료관리법에 따른 수입신고를 필함",
        "원료구성": "곡물,가금육,오일과 지방,식물성단백질,아로니아",
        "성분구성": "조단백질 26%이상, 조지방 17%이상, 조회분 7%이하, 조섬유 8%이하, 칼슘 0.1%이상, 인 0.01%이하,수분16%이하",
        "현재 재고 수량": "39개",
        "소비자 상담 전화": "마마캣 고객센터 (1544-6141)",
        "권장 급여량": "하루 15개이하"
    },
    {
        "id": 540,
        "name": "비타크래프트 크리스피 크런치 칠면조&치아씨드 60g",
        "image": "https://mamacat.co.kr/web/product/big/202011/401fc1fafe9eeb1c7a11cf81602dd6de.png",
        "가격정책": "마마캣 회원등급 할인 상품",
        "유통기한": "2022.05.",
        "정상 소비자가": "3,500원",
        "마마캣 판매가": "2,500원",
        "가장 높은 회원등급 할인 적용시 구매가": "2,380원 (최대 120원 할인)",
        "원산지": "독일",
        "제조자 | 수입자": "비타크래프트",
        "사용 연령": "생후 6개월 이후",
        "100g 가격": "4000원",
        "포장단위별 용량, 수량": "60g",
        "법에 의한 인증 및 허가": "사료관리법에 따른 수입신고를 필함",
        "원료구성": "칠면조, 치아씨드, 감자, 동물성단백질혼합분, 해바라기유, 완두, 농축단백질, 셀룰로오스, 동물성혼합유지, 비타민A, 비타민D3, 타우린",
        "성분구성": "조단백 20%이상, 수분 9%이하, 조지방 17%이상, 조섬유 8%이하, 조회분 8%이하, 칼슘 0.1%이상, 인 0.01%이상",
        "현재 재고 수량": "34개",
        "소비자 상담 전화": "마마캣 고객센터 (1544-6141)",
        "권장 급여량": "하루 15개이하"
    },
    {
        "id": 541,
        "name": "비타크래프트 크리스피 크런치 폴트리 60g",
        "image": "https://mamacat.co.kr/web/product/big/20200616/caaf82aa44e796fd8c43b6d88a4d135b.jpg",
        "가격정책": "마마캣 회원등급 할인 상품",
        "유통기한": "2022.08.",
        "정상 소비자가": "3,500원",
        "마마캣 판매가": "2,500원",
        "가장 높은 회원등급 할인 적용시 구매가": "2,380원 (최대 120원 할인)",
        "원산지": "독일",
        "제조자 | 수입자": "비타크래프트",
        "사용 연령": "성묘용(12개월 이상)",
        "100g 가격": "4000원",
        "포장단위별 용량, 수량": "60g",
        "법에 의한 인증 및 허가": "사료관리법에 따른 수입신고를 필함",
        "원료구성": "곡류, 육류(가금류 22.5%), 식물성 단백질추출물, 우유, 비타민, 타우린, 항산화제",
        "성분구성": "조단백질 16.52%이상, 조지방 3.5%이상, 조회분 5.2%이하, 조섬유 5.5%이하, 칼슘 0.4%이상, 인 1.2%이하",
        "현재 재고 수량": "42개",
        "소비자 상담 전화": "마마캣 고객센터 (1544-6141)"
    },
    {
        "id": 542,
        "name": "비타크래프트 트리글스 코어피쉬 40g",
        "image": "https://mamacat.co.kr/web/product/big/20200616/dd7ade2ea80cd3141298e19be41fb042.jpg",
        "가격정책": "마마캣 회원등급 할인 상품",
        "유통기한": "2022.02.",
        "정상 소비자가": "3,000원",
        "마마캣 판매가": "2,600원",
        "가장 높은 회원등급 할인 적용시 구매가": "2,470원 (최대 130원 할인)",
        "원산지": "독일",
        "제조자 | 수입자": "비타크래프트 | ㈜채널펫",
        "사용 연령": "전연령 (3개월 이상)",
        "100g 가격": "6,500원",
        "포장단위별 용량, 수량": "40g",
        "법에 의한 인증 및 허가": "사료관리법에 따른 수입신고를 필함",
        "원료구성": "대구, 대두, 감자, 밀글루텐, 셀룰로오즈, 채종유(카놀라유), 글리세린, 가공소금, 비타민제 합제",
        "성분구성": "조단백 25.0% 이상, 조지방 5.0% 이하, 조섬유 8.0% 이하, 조회분 8.0% 이하, 칼슘 0.1% 이상, 인 0.1% 이상, 수분 47.0% 이하",
        "현재 재고 수량": "3개",
        "소비자 상담 전화": "마마캣 고객센터 (1544-6141)",
        "제품 보관방법": "개봉 후 냉장보관하시고 가능한 빨리 급여하세요."
    },
    {
        "id": 543,
        "name": "사나벨 캣 스낵 대구와 무화과 55g",
        "image": "https://mamacat.co.kr/web/product/big/202008/b2a27ef75cfbde9f76ed06fcf1606a1a.jpg",
        "가격정책": "마마캣 회원등급 할인 상품",
        "유통기한": "2021.11.14",
        "정상 소비자가": "3,500원",
        "마마캣 판매가": "3,080원",
        "가장 높은 회원등급 할인 적용시 구매가": "2,930원 (최대 150원 할인)",
        "원산지": "독일",
        "제조자 | 수입자": "sanabelle | ㈜드림펫",
        "사용 연령": "성묘용 (12개월 이상)",
        "100g 가격": "5,600원",
        "포장단위별 용량, 수량": "55g",
        "법에 의한 인증 및 허가": "사료관리법에 따른 수입신고를 필함",
        "원료구성": "육류 (닭고기, 대구), 미네랄, 과일(무화과), 채소, 타우린 등",
        "성분구성": "단백질 28%, 지방 17%, 섬유소 2.5%, 회분 11%, 인 0.85%, 칼슘 0.85%",
        "현재 재고 수량": "15개",
        "소비자 상담 전화": "마마캣 고객센터(1588-6141)",
        "제품 포장 유형": "비닐포장 (지퍼팩 있음)",
        "권장 급여량": "(1일) 2~3kg : 9~12개 4~5kg : 15~17개 6~7kg : 20~22개 8kg : 24개",
        "제품 보관방법": "직사광선이 없는 곳에 실온보관",
        "제품 타입": "트릿"
    },
    {
        "id": 544,
        "name": "사나벨 캣 스낵 오리와 석류 55g",
        "image": "https://mamacat.co.kr/web/product/big/202008/153a48ed628e13da19e64c224dc51cb9.jpg",
        "가격정책": "마마캣 회원등급 할인 상품",
        "유통기한": "2021.11.13",
        "정상 소비자가": "3,500원",
        "마마캣 판매가": "3,080원",
        "가장 높은 회원등급 할인 적용시 구매가": "2,930원 (최대 150원 할인)",
        "원산지": "독일",
        "제조자 | 수입자": "sanabelle | ㈜드림펫",
        "사용 연령": "성묘용 (12개월 이상)",
        "100g 가격": "5,600원",
        "포장단위별 용량, 수량": "55g",
        "법에 의한 인증 및 허가": "사료관리법에 따른 수입신고를 필함",
        "원료구성": "육류 (닭고기, 오리), 미네랄, 과일(석류), 채소, 타우린 등",
        "성분구성": "단백질 28%, 지방 17%, 섬유소 2.5%, 회분 11%, 인 0.85%, 칼슘 0.85%",
        "현재 재고 수량": "13개",
        "소비자 상담 전화": "마마캣 고객센터(1588-6141)",
        "제품 포장 유형": "비닐포장 (지퍼팩 있음)",
        "권장 급여량": "(1일) 2~3kg : 9~12개 4~5kg : 15~17개 6~7kg : 20~22개 8kg : 24개",
        "제품 보관방법": "직사광선이 없는 곳에 실온보관",
        "제품 타입": "트릿"
    },
    {
        "id": 545,
        "name": "사이언스 다이어트 캣 주식캔 어덜트 스튜 치킨&쌀 79g",
        "image": "https://mamacat.co.kr/web/product/big/20191204/a140132c8ea0c7ad8e1b0d66cba9ce73.jpg",
        "가격정책": "마마캣 회원등급 할인 상품",
        "유통기한": "2022.12.",
        "정상 소비자가": "2,500원",
        "마마캣 판매가": "2,000원",
        "가장 높은 회원등급 할인 적용시 구매가": "1,900원 (최대 100원 할인)",
        "원산지": "미국",
        "제조자 | 수입자": "힐스펫뉴트리션코리아",
        "사용 연령": "성묘용",
        "100g 가격": "2531원",
        "포장단위별 용량, 수량": "79g",
        "법에 의한 인증 및 허가": "사료관리법에 따른 수입신고를 필함",
        "원료구성": "닭육수,닭,돼지간,당근,밀글루텐,시금치,쌀전분,쌀,분말셀룰로오스,닭간향료,알긴산칼륨닭지방,염화칸슘,인산이칼슘,구아검,대두유,젖산칼슘,글루콘산칼륨,타우린,염화콜린,구연산칼륨,비타민합제,삼인산나트륨,미량광물질류합제,DL-메티오닌,L-라이신,베타카로틴",
        "성분구성": "조단백질5.0%이상,조지방3.5%이상,조섬유2.0%이하,조회분2.0%이하,칼슘0.1%이상,인0.08%이상,수분85.0%이하",
        "현재 재고 수량": "60개",
        "소비자 상담 전화": "마마캣 고객센터 (1544-6141)"
    },
    {
        "id": 546,
        "name": "사이언스 다이어트 캣 주식캔 어덜트 퍼펙트웨이트 스튜 치킨&야채 82g",
        "image": "https://mamacat.co.kr/web/product/big/202010/8cdce89fb1e3288d6da0eed050e12a22.png",
        "가격정책": "마마캣 회원등급 할인 상품",
        "유통기한": "2022.10.",
        "정상 소비자가": "3,500원",
        "마마캣 판매가": "2,500원",
        "가장 높은 회원등급 할인 적용시 구매가": "2,380원 (최대 120원 할인)",
        "원산지": "미국",
        "제조자 | 수입자": "힐스펫뉴트리션코리아",
        "사용 연령": "성묘용",
        "100g 가격": "3,048원",
        "포장단위별 용량, 수량": "82g",
        "법에 의한 인증 및 허가": "사료관리법에 따른 수입신고를 필함",
        "원료구성": "닭육수,닭,돼지간,당근,밀글루텐,시금치,쌀전분,쌀,분말셀룰로오스,닭간향료,알긴산칼륨닭지방,염화칸슘,인산이칼슘,구아검,대두유,젖산칼슘,글루콘산칼륨,타우린,염화콜린,구연산칼륨,비타민합제,삼인산나트륨,미량광물질류합제,DL-메티오닌,L-라이신,베타카로틴",
        "성분구성": "조단백6.0%이상,조지방1.8%이상,조섬유3.5%이하,조회분2.5%이하,칼슘0.1%이상,인0.08%이상,수분84.0%이하",
        "현재 재고 수량": "69개",
        "소비자 상담 전화": "마마캣 고객센터 (1544-6141)"
    },
    {
        "id": 547,
        "name": "사이언스 다이어트 캣 주식캔 어덜트7+ 스튜 치킨&쌀 79g",
        "image": "https://mamacat.co.kr/web/product/big/20191204/e0f9f0821a82fb3468710c818b323c28.jpg",
        "가격정책": "마마캣 회원등급 할인 상품",
        "유통기한": "2022.10.",
        "정상 소비자가": "2,500원",
        "마마캣 판매가": "2,000원",
        "가장 높은 회원등급 할인 적용시 구매가": "1,900원 (최대 100원 할인)",
        "원산지": "미국",
        "제조자 | 수입자": "힐스펫뉴트리션코리아",
        "사용 연령": "노묘용",
        "100g 가격": "2531원",
        "포장단위별 용량, 수량": "79g",
        "법에 의한 인증 및 허가": "사료관리법에 따른 수입신고를 필함",
        "원료구성": "닭육수,닭,돼지간,당근,밀글루텐,시금치,쌀전분,쌀,분말셀룰로오스,닭간향료,알긴산칼륨닭지방,염화칸슘,인산이칼슘,구아검,대두유,젖산칼슘,글루콘산칼륨,타우린,염화콜린,구연산칼륨,비타민합제,삼인산나트륨,미량광물질류합제,DL-메티오닌,L-라이신,베타카로틴",
        "성분구성": "조단백6.0%이상,조지방1.6%이상,조섬유2.0%이하,조회분2.0%이하,칼슘0.1%이상,인0.08%이상,수분85.0%이하",
        "현재 재고 수량": "80개",
        "소비자 상담 전화": "마마캣 고객센터 (1544-6141)"
    },
    {
        "id": 548,
        "name": "사이언스 다이어트 캣 주식캔 키튼 스튜 치킨&쌀 79g",
        "image": "https://mamacat.co.kr/web/product/big/20191204/a9ff6c9662086a03e341398e05119949.jpg",
        "가격정책": "마마캣 회원등급 할인 상품",
        "유통기한": "2022.12.",
        "정상 소비자가": "2,500원",
        "마마캣 판매가": "2,000원",
        "가장 높은 회원등급 할인 적용시 구매가": "1,900원 (최대 100원 할인)",
        "원산지": "미국",
        "제조자 | 수입자": "힐스펫뉴트리션코리아",
        "사용 연령": "자묘용",
        "100g 가격": "2531원",
        "포장단위별 용량, 수량": "79g",
        "법에 의한 인증 및 허가": "사료관리법에 따른 수입신고를 필함",
        "원료구성": "닭육수,닭,돼지간,당근,밀글루텐,시금치,쌀전분,쌀,분말셀룰로오스,닭간향료,알긴산칼륨닭지방,염화칸슘,인산이칼슘,구아검,대두유,젖산칼슘,글루콘산칼륨,타우린,염화콜린,구연산칼륨,비타민합제,삼인산나트륨,미량광물질류합제,DL-메티오닌,L-라이신,베타카로틴",
        "성분구성": "조단백질6.5%이상,조지방2.0%이상,조섬유2.0%이하,조회분2.0%이하,칼슘0.1%이상,인0.1%이상,수분85.0%이하",
        "현재 재고 수량": "56개",
        "소비자 상담 전화": "마마캣 고객센터 (1544-6141)"
    },
    {
        "id": 549,
        "name": "사조참치 로하이 캣푸드 고양이캔 6종 맛보기 90g × 6개",
        "image": "https://mamacat.co.kr/web/product/big/202106/1a567bc327d2d457b539655a760f288e.png",
        "가격정책": "최저마진",
        "유통기한": "최소 2023.12.30",
        "정상 소비자가": "7,200원",
        "마마캣 판매가": "5,100원",
        "원산지": "대한민국",
        "제조자 | 수입자": "사조산업㈜",
        "사용 연령": "전연령 (3개월 이상)",
        "100g 가격": "944원",
        "포장단위별 용량, 수량": "90g × 6개",
        "법에 의한 인증 및 허가": "각 상세페이지 참조",
        "원료구성": "각 상품 상세페이지 참고",
        "성분구성": "조단백질 9.00%이상, 조지방 0.30%이상, 칼슘 0.01%이상, 조섬유 0.90%이하, 인 0.03%이상, 조회분 4.00%이하, 수분 85.50%이하 (캔 자체에 표시된 수치)",
        "현재 재고 수량": "38개",
        "소비자 상담 전화": "마마캣 고객센터 (1544-6141)",
        "제품 포장 유형": "캔"
    },
    {
        "id": 550,
        "name": "사조참치 로하이 캣푸드 고양이캔 6종 혼합 90g × 24개",
        "image": "https://mamacat.co.kr/web/product/big/sejun2523_4322.jpg",
        "가격정책": "최저마진",
        "유통기한": "최소 2023.12.30",
        "정상 소비자가": "28,800원",
        "마마캣 판매가": "17,760원",
        "원산지": "대한민국",
        "제조자 | 수입자": "사조산업㈜",
        "사용 연령": "전연령 (3개월 이상)",
        "100g 가격": "822원",
        "포장단위별 용량, 수량": "90g × 24개",
        "법에 의한 인증 및 허가": "각 상세페이지 참조",
        "원료구성": "각 상품 상세페이지 참고",
        "성분구성": "조단백질 9.00%이상, 조지방 0.30%이상, 칼슘 0.01%이상, 조섬유 0.90%이하, 인 0.03%이상, 조회분 4.00%이하, 수분 85.50%이하 (캔 자체에 표시된 수치)",
        "현재 재고 수량": "17개",
        "소비자 상담 전화": "마마캣 고객센터 (1544-6141)",
        "제품 포장 유형": "캔"
    },
    {
        "id": 551,
        "name": "사조참치 로하이 캣푸드 고양이캔 참치&가쓰오부시 90g × 24개",
        "image": "https://mamacat.co.kr/web/product/big/sejun2523_4310.jpg",
        "가격정책": "최저마진",
        "유통기한": "2024.03.29",
        "정상 소비자가": "28,800원",
        "마마캣 판매가": "17,760원",
        "원산지": "대한민국",
        "제조자 | 수입자": "사조산업㈜",
        "사용 연령": "전연령 (3개월 이상)",
        "100g 가격": "822원",
        "포장단위별 용량, 수량": "90g × 24개",
        "법에 의한 인증 및 허가": "성분등록번호 : 제KKW8Q0008호",
        "원료구성": "다랑어, 증점안정제, 가쓰오부시, 비타민 E, 정제수",
        "성분구성": "조단백질 9.00%이상, 조지방 0.30%이상, 칼슘 0.01%이상, 조섬유 0.90%이하, 인 0.03%이상, 조회분 4.00%이하, 수분 85.50%이하 (캔 자체에 표시된 수치)",
        "현재 재고 수량": "62개",
        "소비자 상담 전화": "마마캣 고객센터 (1544-6141)",
        "제품 포장 유형": "캔"
    },
    {
        "id": 552,
        "name": "사조참치 로하이 캣푸드 고양이캔 참치&가쓰오부시 90g",
        "image": "https://mamacat.co.kr/web/product/big/202106/e7fac8c249617b5b1999d98a25c86a40.png",
        "가격정책": "최저마진",
        "유통기한": "2024.03.29",
        "정상 소비자가": "1,200원",
        "마마캣 판매가": "890원",
        "원산지": "대한민국",
        "제조자 | 수입자": "사조산업㈜",
        "사용 연령": "전연령 (3개월 이상)",
        "100g 가격": "988원",
        "포장단위별 용량, 수량": "90g",
        "법에 의한 인증 및 허가": "성분등록번호 : 제KKW8Q0008호",
        "원료구성": "다랑어, 증점안정제, 가쓰오부시, 비타민 E, 정제수",
        "성분구성": "조단백질 9.00%이상, 조지방 0.30%이상, 칼슘 0.01%이상, 조섬유 0.90%이하, 인 0.03%이상, 조회분 4.00%이하, 수분 85.50%이하 (캔 자체에 표시된 수치)",
        "현재 재고 수량": "23개",
        "소비자 상담 전화": "마마캣 고객센터 (1544-6141)",
        "제품 포장 유형": "캔"
    },
    {
        "id": 553,
        "name": "사조참치 로하이 캣푸드 고양이캔 참치&다랑어흰살 90g × 24개",
        "image": "https://mamacat.co.kr/web/product/big/sejun2523_4312.jpg",
        "가격정책": "최저마진",
        "유통기한": "2024.03.25",
        "정상 소비자가": "28,800원",
        "마마캣 판매가": "17,760원",
        "원산지": "대한민국",
        "제조자 | 수입자": "사조산업㈜",
        "사용 연령": "전연령 (3개월 이상)",
        "100g 가격": "822원",
        "포장단위별 용량, 수량": "90g × 24개",
        "법에 의한 인증 및 허가": "성분등록번호 : 제KKW8Q0005호",
        "원료구성": "다랑어, 증점안정제, 비타민 E, 정제수",
        "성분구성": "조단백질 9.00%이상, 조지방 0.30%이상, 칼슘 0.01%이상, 조섬유 0.90%이하, 인 0.03%이상, 조회분 4.00%이하, 수분 85.50%이하 (캔 자체에 표시된 수치)",
        "현재 재고 수량": "61개",
        "소비자 상담 전화": "마마캣 고객센터 (1544-6141)",
        "제품 포장 유형": "캔"
    },
    {
        "id": 554,
        "name": "사조참치 로하이 캣푸드 고양이캔 참치&다랑어흰살 90g",
        "image": "https://mamacat.co.kr/web/product/big/202106/30ffa28ec8617c93909d0d5a1c6fac1d.png",
        "가격정책": "최저마진",
        "유통기한": "2024.03.25",
        "정상 소비자가": "1,200원",
        "마마캣 판매가": "890원",
        "원산지": "대한민국",
        "제조자 | 수입자": "사조산업㈜",
        "사용 연령": "전연령 (3개월 이상)",
        "100g 가격": "988원",
        "포장단위별 용량, 수량": "90g",
        "법에 의한 인증 및 허가": "성분등록번호 : 제KKW8Q0005호",
        "원료구성": "다랑어, 증점안정제, 비타민 E, 정제수",
        "성분구성": "조단백질 9.00%이상, 조지방 0.30%이상, 칼슘 0.01%이상, 조섬유 0.90%이하, 인 0.03%이상, 조회분 4.00%이하, 수분 85.50%이하 (캔 자체에 표시된 수치)",
        "현재 재고 수량": "24개",
        "소비자 상담 전화": "마마캣 고객센터 (1544-6141)",
        "제품 포장 유형": "캔"
    },
    {
        "id": 555,
        "name": "사조참치 로하이 캣푸드 고양이캔 참치&닭가슴살 90g × 24개",
        "image": "https://mamacat.co.kr/web/product/big/sejun2523_4314.jpg",
        "가격정책": "최저마진",
        "유통기한": "2024.03.29",
        "정상 소비자가": "28,800원",
        "마마캣 판매가": "17,760원",
        "원산지": "대한민국",
        "제조자 | 수입자": "사조산업㈜",
        "사용 연령": "전연령 (3개월 이상)",
        "100g 가격": "822원",
        "포장단위별 용량, 수량": "90g × 24개",
        "법에 의한 인증 및 허가": "성분등록번호 : 제KKW8Q0007호",
        "원료구성": "다랑어, 증점안정제, 닭가슴살, 비타민E, 정제수",
        "성분구성": "조단백질 9.00%이상, 조지방 0.30%이상, 칼슘 0.01%이상, 조섬유 0.90%이하, 인 0.03%이상, 조회분 4.00%이하, 수분 85.50%이하 (캔 자체에 표시된 수치)",
        "현재 재고 수량": "54개",
        "소비자 상담 전화": "마마캣 고객센터 (1544-6141)",
        "제품 포장 유형": "캔"
    },
    {
        "id": 556,
        "name": "사조참치 로하이 캣푸드 고양이캔 참치&닭가슴살 90g",
        "image": "https://mamacat.co.kr/web/product/big/202106/2b4dc8522d660ef4f87250266f4c1e6d.png",
        "가격정책": "최저마진",
        "유통기한": "2024.03.29",
        "정상 소비자가": "1,200원",
        "마마캣 판매가": "890원",
        "원산지": "대한민국",
        "제조자 | 수입자": "사조산업㈜",
        "사용 연령": "전연령 (3개월 이상)",
        "100g 가격": "988원",
        "포장단위별 용량, 수량": "90g",
        "법에 의한 인증 및 허가": "성분등록번호 : 제KKW8Q0007호",
        "원료구성": "다랑어, 증점안정제, 닭가슴살, 비타민E, 정제수",
        "성분구성": "조단백질 9.00%이상, 조지방 0.30%이상, 칼슘 0.01%이상, 조섬유 0.90%이하, 인 0.03%이상, 조회분 4.00%이하, 수분 85.50%이하 (캔 자체에 표시된 수치)",
        "현재 재고 수량": "24개",
        "소비자 상담 전화": "마마캣 고객센터 (1544-6141)",
        "제품 포장 유형": "캔"
    },
    {
        "id": 557,
        "name": "사조참치 로하이 캣푸드 고양이캔 참치&맛살 90g × 24개",
        "image": "https://mamacat.co.kr/web/product/big/sejun2523_4316.jpg",
        "가격정책": "최저마진",
        "유통기한": "2024.02.07",
        "정상 소비자가": "28,800원",
        "마마캣 판매가": "17,760원",
        "원산지": "대한민국",
        "제조자 | 수입자": "사조산업㈜",
        "사용 연령": "전연령 (3개월 이상)",
        "100g 가격": "822원",
        "포장단위별 용량, 수량": "90g × 24개",
        "법에 의한 인증 및 허가": "성분등록번호 : 제KKW8Q0009호",
        "원료구성": "다랑어, 증점안정제, 맛살, 비타민 E, 정제수",
        "성분구성": "조단백질 9.00%이상, 조지방 0.30%이상, 칼슘 0.01%이상, 조섬유 0.90%이하, 인 0.03%이상, 조회분 4.00%이하, 수분 85.50%이하 (캔 자체에 표시된 수치)",
        "현재 재고 수량": "44개",
        "소비자 상담 전화": "마마캣 고객센터 (1544-6141)",
        "제품 포장 유형": "캔"
    },
    {
        "id": 558,
        "name": "사조참치 로하이 캣푸드 고양이캔 참치&맛살 90g",
        "image": "https://mamacat.co.kr/web/product/big/202106/ec663765c1f9e42da63453e5e161abe4.png",
        "가격정책": "최저마진",
        "유통기한": "2024.02.07",
        "정상 소비자가": "1,200원",
        "마마캣 판매가": "890원",
        "원산지": "대한민국",
        "제조자 | 수입자": "사조산업㈜",
        "사용 연령": "전연령 (3개월 이상)",
        "100g 가격": "988원",
        "포장단위별 용량, 수량": "90g",
        "법에 의한 인증 및 허가": "성분등록번호 : 제KKW8Q0009호",
        "원료구성": "다랑어, 증점안정제, 맛살, 비타민 E, 정제수",
        "성분구성": "조단백질 9.00%이상, 조지방 0.30%이상, 칼슘 0.01%이상, 조섬유 0.90%이하, 인 0.03%이상, 조회분 4.00%이하, 수분 85.50%이하 (캔 자체에 표시된 수치)",
        "현재 재고 수량": "29개",
        "소비자 상담 전화": "마마캣 고객센터 (1544-6141)",
        "제품 포장 유형": "캔"
    },
    {
        "id": 559,
        "name": "사조참치 로하이 캣푸드 고양이캔 참치&멸치 90g × 24개",
        "image": "https://mamacat.co.kr/web/product/big/sejun2523_4318.jpg",
        "가격정책": "최저마진",
        "유통기한": "2023.12.30",
        "정상 소비자가": "28,800원",
        "마마캣 판매가": "17,760원",
        "원산지": "대한민국",
        "제조자 | 수입자": "사조산업㈜",
        "사용 연령": "전연령 (3개월 이상)",
        "100g 가격": "822원",
        "포장단위별 용량, 수량": "90g × 24개",
        "법에 의한 인증 및 허가": "성분등록번호 : 제KKW8Q0006호",
        "원료구성": "다랑어, 증점안정제, 멸치, 비타민E, 정제수",
        "성분구성": "조단백질 9.00%이상, 조지방 0.30%이상, 칼슘 0.01%이상, 조섬유 0.90%이하, 인 0.03%이상, 조회분 4.00%이하, 수분 85.50%이하 (캔 자체에 표시된 수치)",
        "현재 재고 수량": "62개",
        "소비자 상담 전화": "마마캣 고객센터 (1544-6141)",
        "제품 포장 유형": "캔"
    },
    {
        "id": 560,
        "name": "사조참치 로하이 캣푸드 고양이캔 참치&멸치 90g",
        "image": "https://mamacat.co.kr/web/product/big/202106/b0dc7f4c2120742b0ea52af567454c4c.png",
        "가격정책": "최저마진",
        "유통기한": "2023.12.30",
        "정상 소비자가": "1,200원",
        "마마캣 판매가": "890원",
        "원산지": "대한민국",
        "제조자 | 수입자": "사조산업㈜",
        "사용 연령": "전연령 (3개월 이상)",
        "100g 가격": "988원",
        "포장단위별 용량, 수량": "90g",
        "법에 의한 인증 및 허가": "성분등록번호 : 제KKW8Q0006호",
        "원료구성": "다랑어, 증점안정제, 멸치, 비타민E, 정제수",
        "성분구성": "조단백질 9.00%이상, 조지방 0.30%이상, 칼슘 0.01%이상, 조섬유 0.90%이하, 인 0.03%이상, 조회분 4.00%이하, 수분 85.50%이하 (캔 자체에 표시된 수치)",
        "현재 재고 수량": "23개",
        "소비자 상담 전화": "마마캣 고객센터 (1544-6141)",
        "제품 포장 유형": "캔"
    },
    {
        "id": 561,
        "name": "사조참치 로하이 캣푸드 고양이캔 참치&연어&헤어볼 90g × 24개",
        "image": "https://mamacat.co.kr/web/product/big/sejun2523_4320.jpg",
        "가격정책": "최저마진",
        "유통기한": "2024.03.29",
        "정상 소비자가": "28,800원",
        "마마캣 판매가": "17,760원",
        "원산지": "대한민국",
        "제조자 | 수입자": "사조산업㈜",
        "사용 연령": "전연령 (3개월 이상)",
        "100g 가격": "822원",
        "포장단위별 용량, 수량": "90g × 24개",
        "법에 의한 인증 및 허가": "성분등록번호 : 제KKW8Q0010호",
        "원료구성": "다랑어, 증점안정제, 연어, 비타민E, 정제수",
        "성분구성": "조단백질 9.00%이상, 조지방 0.30%이상, 칼슘 0.01%이상, 조섬유 0.90%이하, 인 0.03%이상, 조회분 4.00%이하, 수분 85.50%이하 (캔 자체에 표시된 수치)",
        "현재 재고 수량": "35개",
        "소비자 상담 전화": "마마캣 고객센터 (1544-6141)",
        "제품 포장 유형": "캔"
    },
    {
        "id": 562,
        "name": "사조참치 로하이 캣푸드 고양이캔 참치&연어&헤어볼 90g",
        "image": "https://mamacat.co.kr/web/product/big/202106/7301a0e60d0c0a325e95564eb0927ca2.png",
        "가격정책": "최저마진",
        "유통기한": "2024.03.29",
        "정상 소비자가": "1,200원",
        "마마캣 판매가": "890원",
        "원산지": "대한민국",
        "제조자 | 수입자": "사조산업㈜",
        "사용 연령": "전연령 (3개월 이상)",
        "100g 가격": "988원",
        "포장단위별 용량, 수량": "90g",
        "법에 의한 인증 및 허가": "성분등록번호 : 제KKW8Q0010호",
        "원료구성": "다랑어, 증점안정제, 연어, 비타민E, 정제수",
        "성분구성": "조단백질 9.00%이상, 조지방 0.30%이상, 칼슘 0.01%이상, 조섬유 0.90%이하, 인 0.03%이상, 조회분 4.00%이하, 수분 85.50%이하 (캔 자체에 표시된 수치)",
        "현재 재고 수량": "32개",
        "소비자 상담 전화": "마마캣 고객센터 (1544-6141)",
        "제품 포장 유형": "캔"
    },
    {
        "id": 563,
        "name": "쉬바 디럭스 7세이상 고양이캔 3종 맛보기 85g × 3개",
        "image": "https://mamacat.co.kr/web/product/big/20200617/69b114d87d21bba44319758273248c6e.jpg",
        "가격정책": "마마캣 회원등급 할인 상품",
        "유통기한": "각 제품의 상세페이지 참고",
        "정상 소비자가": "8,400원",
        "마마캣 판매가": "4,500원",
        "가장 높은 회원등급 할인 적용시 구매가": "4,280원 (최대 220원 할인)",
        "원산지": "태국",
        "제조자 | 수입자": "PATAYA FOOD INDUSTRIES LTD. | 한국마즈",
        "사용 연령": "노묘용(7세 이상)",
        "100g 가격": "1764원",
        "포장단위별 용량, 수량": "85g × 3개",
        "법에 의한 인증 및 허가": "사료관리법에 따른 수입신고를 필함",
        "원료구성": "각 상품 상세페이지 참고",
        "성분구성": "각 상품 상세페이지 참고",
        "현재 재고 수량": "10개",
        "소비자 상담 전화": "마마캣 고객센터 (1544-6141)"
    },
    {
        "id": 564,
        "name": "쉬바 디럭스 7세이상 고양이캔 3종 혼합 85g × 24개",
        "image": "https://mamacat.co.kr/web/product/big/20200617/0ae2d781b752d5000ead86594bd23a31.jpg",
        "가격정책": "마마캣 회원등급 할인 상품",
        "유통기한": "각 제품의 상세페이지 참고",
        "정상 소비자가": "67,200원",
        "마마캣 판매가": "34,000원",
        "가장 높은 회원등급 할인 적용시 구매가": "32,300원 (최대 1,700원 할인)",
        "원산지": "태국",
        "제조자 | 수입자": "PATAYA FOOD INDUSTRIES LTD. | 한국마즈",
        "사용 연령": "노묘용(7세 이상)",
        "100g 가격": "1666원",
        "포장단위별 용량, 수량": "85g × 24개",
        "법에 의한 인증 및 허가": "사료관리법에 따른 수입신고를 필함",
        "원료구성": "각 상품 상세페이지 참고",
        "성분구성": "각 상품 상세페이지 참고",
        "현재 재고 수량": "3개",
        "소비자 상담 전화": "마마캣 고객센터 (1544-6141)"
    },
    {
        "id": 565,
        "name": "쉬바 디럭스 7세이상 고양이캔 참치 살코기와 치어 85g × 24개",
        "image": "https://mamacat.co.kr/web/product/big/20200617/c5d773fe1a7f92e9ea3cc6352133819d.jpg",
        "가격정책": "마마캣 회원등급 할인 상품",
        "유통기한": "2022.10.05.",
        "정상 소비자가": "67,200원",
        "마마캣 판매가": "34,000원",
        "가장 높은 회원등급 할인 적용시 구매가": "32,300원 (최대 1,700원 할인)",
        "원산지": "태국",
        "제조자 | 수입자": "PATAYA FOOD INDUSTRIES LTD. | 한국마즈",
        "사용 연령": "노묘용(7세 이상)",
        "100g 가격": "1666원",
        "포장단위별 용량, 수량": "85g × 24개",
        "법에 의한 인증 및 허가": "사료관리법에 따른 수입신고를 필함",
        "원료구성": "정제수, 참치, 타피오카, 치어, 구아검, 비타민E",
        "성분구성": "조단백 9.0%이상, 조지방 0.2%이상, 조섬유 0.5%이하, 칼슘 0.01%이상, 인 0.05%이하, 조수분 90.0%이하, 조회분 3.0%이하",
        "현재 재고 수량": "5개",
        "소비자 상담 전화": "마마캣 고객센터 (1544-6141)"
    },
    {
        "id": 566,
        "name": "쉬바 디럭스 7세이상 고양이캔 참치 살코기와 치어 85g",
        "image": "https://mamacat.co.kr/web/product/big/201708/9796_shop1_698166.jpg",
        "가격정책": "마마캣 회원등급 할인 상품",
        "유통기한": "2022.10.05.",
        "정상 소비자가": "2,800원",
        "마마캣 판매가": "1,580원",
        "가장 높은 회원등급 할인 적용시 구매가": "1,510원 (최대 70원 할인)",
        "원산지": "태국",
        "제조자 | 수입자": "PATAYA FOOD INDUSTRIES LTD. | 한국마즈",
        "사용 연령": "노묘용(7세 이상)",
        "100g 가격": "1858원",
        "포장단위별 용량, 수량": "85g",
        "법에 의한 인증 및 허가": "사료관리법에 따른 수입신고를 필함",
        "원료구성": "정제수, 참치, 타피오카, 치어, 구아검, 비타민E",
        "성분구성": "조단백 9.0% 이상, 조지방 0.2% 이상, 조섬유 0.5% 이하, 칼슘 0.01% 이상, 인 0.05% 이하, 조수분 90.0% 이하, 조회분 3.0% 이하",
        "현재 재고 수량": "21개",
        "소비자 상담 전화": "마마캣 고객센터 (1544-6141)"
    },
    {
        "id": 567,
        "name": "쉬바 디럭스 7세이상 고양이캔 참치와 게살 85g × 24개",
        "image": "https://mamacat.co.kr/web/product/big/20200617/3d0cc27768ccd66022cd447ba1a4adf3.jpg",
        "가격정책": "마마캣 회원등급 할인 상품",
        "유통기한": "2023.01.27.",
        "정상 소비자가": "67,200원",
        "마마캣 판매가": "34,000원",
        "가장 높은 회원등급 할인 적용시 구매가": "32,300원 (최대 1,700원 할인)",
        "원산지": "태국",
        "제조자 | 수입자": "PATAYA FOOD INDUSTRIES LTD. | 한국마즈",
        "사용 연령": "노묘용(7세 이상)",
        "100g 가격": "1666원",
        "포장단위별 용량, 수량": "85g × 24개",
        "법에 의한 인증 및 허가": "사료관리법에 따른 수입신고를 필함",
        "원료구성": "정제수, 참치, 게살, 타피오카, 구아검, 비타민E",
        "성분구성": "조단백 9%이상, 조지방 0.2%이상, 조섬유 0.5%이하, 칼슘 0.01%이상, 인 0.05%이하, 수분 90%이하, 조회분 3%이하",
        "현재 재고 수량": "5개",
        "소비자 상담 전화": "마마캣 고객센터 (1544-6141)"
    },
    {
        "id": 568,
        "name": "쉬바 디럭스 7세이상 고양이캔 참치와 게살 85g",
        "image": "https://mamacat.co.kr/web/product/big/201708/9792_shop1_919048.jpg",
        "가격정책": "마마캣 회원등급 할인 상품",
        "유통기한": "2023.01.27.",
        "정상 소비자가": "2,800원",
        "마마캣 판매가": "1,580원",
        "가장 높은 회원등급 할인 적용시 구매가": "1,510원 (최대 70원 할인)",
        "원산지": "태국",
        "제조자 | 수입자": "PATAYA FOOD INDUSTRIES LTD. | 한국마즈",
        "사용 연령": "노묘용(7세 이상)",
        "100g 가격": "1858원",
        "포장단위별 용량, 수량": "85g",
        "법에 의한 인증 및 허가": "사료관리법에 따른 수입신고를 필함",
        "원료구성": "정제수, 참치, 게살, 타피오카, 구아검, 비타민E",
        "성분구성": "조단백 9%이상, 조지방 0.2%이상, 조섬유 0.5%이하, 칼슘 0.01%이상, 인 0.05%이하, 수분 90%이하, 조회분 3%이하",
        "현재 재고 수량": "42개",
        "소비자 상담 전화": "마마캣 고객센터 (1544-6141)"
    },
    {
        "id": 569,
        "name": "쉬바 디럭스 7세이상 고양이캔 촉촉한 닭가슴살 85g × 24개",
        "image": "https://mamacat.co.kr/web/product/big/20200617/729fc7455fbf30c73ead06d96abc50ef.jpg",
        "가격정책": "마마캣 회원등급 할인 상품",
        "유통기한": "2022.10.23.",
        "정상 소비자가": "67,200원",
        "마마캣 판매가": "34,000원",
        "가장 높은 회원등급 할인 적용시 구매가": "32,300원 (최대 1,700원 할인)",
        "원산지": "태국",
        "제조자 | 수입자": "PATAYA FOOD INDUSTRIES LTD. | 한국마즈",
        "사용 연령": "노묘용(7세 이상)",
        "100g 가격": "1666원",
        "포장단위별 용량, 수량": "85g × 24개",
        "법에 의한 인증 및 허가": "사료관리법에 따른 수입신고를 필함",
        "원료구성": "정제수, 닭고기, 타피오카, 구아검, 비타민E",
        "성분구성": "조단백 9.0% 이상, 조지방 0.2% 이상, 조섬유 0.5% 이하, 칼슘 0.01% 이상, 인 0.05% 이하, 조수분 90.0% 이하, 조회분 3.0% 이하",
        "현재 재고 수량": "5개",
        "소비자 상담 전화": "마마캣 고객센터 (1544-6141)"
    },
    {
        "id": 570,
        "name": "쉬바 디럭스 7세이상 고양이캔 촉촉한 닭가슴살 85g",
        "image": "https://mamacat.co.kr/web/product/big/201708/9795_shop1_120339.jpg",
        "가격정책": "마마캣 회원등급 할인 상품",
        "유통기한": "2022.10.23.",
        "정상 소비자가": "2,800원",
        "마마캣 판매가": "1,580원",
        "가장 높은 회원등급 할인 적용시 구매가": "1,510원 (최대 70원 할인)",
        "원산지": "태국",
        "제조자 | 수입자": "PATAYA FOOD INDUSTRIES LTD. | 한국마즈",
        "사용 연령": "노묘용(7세 이상)",
        "100g 가격": "1858원",
        "포장단위별 용량, 수량": "85g",
        "법에 의한 인증 및 허가": "사료관리법에 따른 수입신고를 필함",
        "원료구성": "정제수, 닭고기, 타피오카, 구아검, 비타민E",
        "성분구성": "조단백 9.0% 이상, 조지방 0.2% 이상, 조섬유 0.5% 이하, 칼슘 0.01% 이상, 인 0.05% 이하, 조수분 90.0% 이하, 조회분 3.0% 이하",
        "현재 재고 수량": "26개",
        "소비자 상담 전화": "마마캣 고객센터 (1544-6141)"
    },
    {
        "id": 571,
        "name": "쉬바 디럭스 고양이캔 6종 맛보기 85g × 6개",
        "image": "https://mamacat.co.kr/web/product/big/20200617/a779e0821f3c8aa7d1500c1259555a07.jpg",
        "가격정책": "마마캣 회원등급 할인 상품",
        "유통기한": "각 상품의 상세 페이지 참고",
        "정상 소비자가": "16,800원",
        "마마캣 판매가": "9,000원",
        "가장 높은 회원등급 할인 적용시 구매가": "8,550원 (최대 450원 할인)",
        "원산지": "태국",
        "제조자 | 수입자": "PATAYA FOOD INDUSTRIES LTD. | 한국마즈",
        "사용 연령": "성묘용 (12개월 이상)",
        "100g 가격": "1764원",
        "포장단위별 용량, 수량": "85g × 6개",
        "법에 의한 인증 및 허가": "사료관리법에 따른 수입신고를 필함",
        "원료구성": "각 상품 상세페이지 참고",
        "성분구성": "각 상품 상세페이지 참고",
        "현재 재고 수량": "12개",
        "소비자 상담 전화": "마마캣 고객센터 (1544-6141)"
    },
    {
        "id": 572,
        "name": "쉬바 디럭스 고양이캔 6종 혼합 85g × 24개",
        "image": "https://mamacat.co.kr/web/product/big/20200617/2513a5de99b0c2f0b0b683bc3f4cc7cd.jpg",
        "가격정책": "마마캣 회원등급 할인 상품",
        "유통기한": "각 상품의 상세 페이지 참고",
        "정상 소비자가": "67,200원",
        "마마캣 판매가": "34,000원",
        "가장 높은 회원등급 할인 적용시 구매가": "32,300원 (최대 1,700원 할인)",
        "원산지": "태국",
        "제조자 | 수입자": "PATAYA FOOD INDUSTRIES LTD. | 한국마즈",
        "사용 연령": "성묘용 (12개월 이상)",
        "100g 가격": "1666원",
        "포장단위별 용량, 수량": "85g × 24개",
        "법에 의한 인증 및 허가": "사료관리법에 따른 수입신고를 필함",
        "원료구성": "각 상품 상세페이지 참고",
        "성분구성": "각 상품 상세페이지 참고",
        "현재 재고 수량": "8개",
        "소비자 상담 전화": "마마캣 고객센터 (1544-6141)"
    },
    {
        "id": 573,
        "name": "쉬바 디럭스 고양이캔 참치 살코기와 새우 85g × 24개",
        "image": "https://mamacat.co.kr/web/product/big/20200617/e223301356bff738cd7a8c96173ddcb1.jpg",
        "가격정책": "마마캣 회원등급 할인 상품",
        "유통기한": "2022.12.19.",
        "정상 소비자가": "67,200원",
        "마마캣 판매가": "34,000원",
        "가장 높은 회원등급 할인 적용시 구매가": "32,300원 (최대 1,700원 할인)",
        "원산지": "태국",
        "제조자 | 수입자": "PATAYA FOOD INDUSTRIES LTD. | 한국마즈",
        "사용 연령": "성묘용 (12개월 이상)",
        "100g 가격": "1666원",
        "포장단위별 용량, 수량": "85g × 24개",
        "법에 의한 인증 및 허가": "사료관리법에 따른 수입신고를 필함",
        "원료구성": "참치, 새우, 변성전분, 구아검",
        "성분구성": "조단백 16.1% 이상, 조지방 0.67% 이상, 칼슘 0.01% 이상, 인 0.13% 이하, 조회분 0.68% 이하",
        "현재 재고 수량": "5개",
        "소비자 상담 전화": "마마캣 고객센터 (1544-6141)"
    },
    {
        "id": 574,
        "name": "쉬바 디럭스 고양이캔 참치 살코기와 새우 85g",
        "image": "https://mamacat.co.kr/web/product/big/20200617/5de195b953aadcc7d52e5ceee84e00c1.jpg",
        "가격정책": "마마캣 회원등급 할인 상품",
        "유통기한": "2022.12.19.",
        "정상 소비자가": "2,800원",
        "마마캣 판매가": "1,580원",
        "가장 높은 회원등급 할인 적용시 구매가": "1,510원 (최대 70원 할인)",
        "원산지": "태국",
        "제조자 | 수입자": "PATAYA FOOD INDUSTRIES LTD. | 한국마즈",
        "사용 연령": "성묘용 (12개월 이상)",
        "100g 가격": "1858원",
        "포장단위별 용량, 수량": "85g",
        "법에 의한 인증 및 허가": "사료관리법에 따른 수입신고를 필함",
        "원료구성": "참치, 새우, 변성전분, 구아검",
        "성분구성": "조단백 16.1% 이상, 조지방 0.67% 이상, 칼슘 0.01% 이상, 인 0.13% 이하, 조회분 0.68% 이하",
        "현재 재고 수량": "20개",
        "소비자 상담 전화": "마마캣 고객센터 (1544-6141)"
    },
    {
        "id": 575,
        "name": "쉬바 디럭스 고양이캔 참치 살코기와 치어 85g × 24개",
        "image": "https://mamacat.co.kr/web/product/big/20200617/dcb680578f178b47e0b0496acfdd6df6.jpg",
        "가격정책": "마마캣 회원등급 할인 상품",
        "유통기한": "2022.05.27.",
        "정상 소비자가": "67,200원",
        "마마캣 판매가": "34,000원",
        "가장 높은 회원등급 할인 적용시 구매가": "32,300원 (최대 1,700원 할인)",
        "원산지": "태국",
        "제조자 | 수입자": "PATAYA FOOD INDUSTRIES LTD. | 한국마즈",
        "사용 연령": "성묘용 (12개월 이상)",
        "100g 가격": "1666원",
        "포장단위별 용량, 수량": "85g × 24개",
        "법에 의한 인증 및 허가": "사료관리법에 따른 수입신고를 필함",
        "원료구성": "참치, 치어, 변성전분, 구아검",
        "성분구성": "조단백 14.8% 이상, 조지방 0.82% 이상, 칼슘 0.02% 이상, 인 0.12% 이상, 조회분 0.76% 이하",
        "현재 재고 수량": "5개",
        "소비자 상담 전화": "마마캣 고객센터 (1544-6141)"
    },
    {
        "id": 576,
        "name": "쉬바 디럭스 고양이캔 참치 살코기와 치어 85g",
        "image": "https://mamacat.co.kr/web/product/big/20200617/8acf2a5aa81d2e9e55cc43c8242f6372.jpg",
        "가격정책": "마마캣 회원등급 할인 상품",
        "유통기한": "2022.05.27.",
        "정상 소비자가": "2,800원",
        "마마캣 판매가": "1,580원",
        "가장 높은 회원등급 할인 적용시 구매가": "1,510원 (최대 70원 할인)",
        "원산지": "태국",
        "제조자 | 수입자": "PATAYA FOOD INDUSTRIES LTD. | 한국마즈",
        "사용 연령": "성묘용 (12개월 이상)",
        "100g 가격": "1858원",
        "포장단위별 용량, 수량": "85g",
        "법에 의한 인증 및 허가": "사료관리법에 따른 수입신고를 필함",
        "원료구성": "참치, 치어, 변성전분, 구아검",
        "성분구성": "조단백 14.8% 이상, 조지방 0.82% 이상, 칼슘 0.02% 이상, 인 0.12% 이상, 조회분 0.76% 이하",
        "현재 재고 수량": "17개",
        "소비자 상담 전화": "마마캣 고객센터 (1544-6141)"
    },
    {
        "id": 577,
        "name": "쉬바 디럭스 고양이캔 참치 슬라이스 85g × 24개",
        "image": "https://mamacat.co.kr/web/product/big/20200617/10425c36317b4abf21872432ff6c8c17.jpg",
        "가격정책": "마마캣 회원등급 할인 상품",
        "유통기한": "2022.12.16.",
        "정상 소비자가": "67,200원",
        "마마캣 판매가": "34,000원",
        "가장 높은 회원등급 할인 적용시 구매가": "32,300원 (최대 1,700원 할인)",
        "원산지": "태국",
        "제조자 | 수입자": "PATAYA FOOD INDUSTRIES LTD. | 한국마즈",
        "사용 연령": "성묘용 (12개월 이상)",
        "100g 가격": "1666원",
        "포장단위별 용량, 수량": "85g × 24개",
        "법에 의한 인증 및 허가": "사료관리법에 따른 수입신고를 필함",
        "원료구성": "참치흰살, 변성전분, 구아검",
        "성분구성": "조단백 16.5% 이상, 조지방 0.42% 이상, 칼슘 0.01% 이상, 인 0.11% 이하, 조섬유 0.01% 이하, 조회분 0.45% 이하",
        "현재 재고 수량": "5개",
        "소비자 상담 전화": "마마캣 고객센터 (1544-6141)"
    },
    {
        "id": 578,
        "name": "쉬바 디럭스 고양이캔 참치 슬라이스 85g",
        "image": "https://mamacat.co.kr/web/product/big/20200617/24dc183e69eb9c3a51e0c3f1e753da78.jpg",
        "가격정책": "마마캣 회원등급 할인 상품",
        "유통기한": "2022.12.16.",
        "정상 소비자가": "2,800원",
        "마마캣 판매가": "1,580원",
        "가장 높은 회원등급 할인 적용시 구매가": "1,510원 (최대 70원 할인)",
        "원산지": "태국",
        "제조자 | 수입자": "PATAYA FOOD INDUSTRIES LTD. | 한국마즈",
        "사용 연령": "성묘용 (12개월 이상)",
        "100g 가격": "1858원",
        "포장단위별 용량, 수량": "85g",
        "법에 의한 인증 및 허가": "사료관리법에 따른 수입신고를 필함",
        "원료구성": "참치흰살, 변성전분, 구아검",
        "성분구성": "조단백 16.5% 이상, 조지방 0.42% 이상, 칼슘 0.01% 이상, 인 0.11% 이하, 조섬유 0.01% 이하, 조회분 0.45% 이하",
        "현재 재고 수량": "19개",
        "소비자 상담 전화": "마마캣 고객센터 (1544-6141)"
    },
    {
        "id": 579,
        "name": "쉬바 디럭스 고양이캔 참치 흰살 85g × 24개",
        "image": "https://mamacat.co.kr/web/product/big/20200617/7672a5369958d1e47f58ec7b4bcdcdf8.jpg",
        "가격정책": "마마캣 회원등급 할인 상품",
        "유통기한": "2021.11.14.",
        "정상 소비자가": "67,200원",
        "마마캣 판매가": "34,000원",
        "가장 높은 회원등급 할인 적용시 구매가": "32,300원 (최대 1,700원 할인)",
        "원산지": "태국",
        "제조자 | 수입자": "PATAYA FOOD INDUSTRIES LTD. | 한국마즈",
        "사용 연령": "성묘용 (12개월 이상)",
        "100g 가격": "1666원",
        "포장단위별 용량, 수량": "85g × 24개",
        "법에 의한 인증 및 허가": "사료관리법에 따른 수입신고를 필함",
        "원료구성": "참치흰살, 갤화제",
        "성분구성": "조단백 14.8% 이상, 조지방 0.43% 이상, 칼슘 0.01% 이상, 인 0.13% 이하, 조섬유 0.01% 이하, 조회분 0.93% 이하",
        "현재 재고 수량": "5개",
        "소비자 상담 전화": "마마캣 고객센터 (1544-6141)"
    },
    {
        "id": 580,
        "name": "쉬바 디럭스 고양이캔 참치 흰살 85g",
        "image": "https://mamacat.co.kr/web/product/big/20200617/d1c586640b2072064654df318dcdcae4.jpg",
        "가격정책": "마마캣 회원등급 할인 상품",
        "유통기한": "2021.11.14.",
        "정상 소비자가": "2,800원",
        "마마캣 판매가": "1,580원",
        "가장 높은 회원등급 할인 적용시 구매가": "1,510원 (최대 70원 할인)",
        "원산지": "태국",
        "제조자 | 수입자": "PATAYA FOOD INDUSTRIES LTD. | 한국마즈",
        "사용 연령": "성묘용 (12개월 이상)",
        "100g 가격": "1858원",
        "포장단위별 용량, 수량": "85g",
        "법에 의한 인증 및 허가": "사료관리법에 따른 수입신고를 필함",
        "원료구성": "참치흰살, 갤화제",
        "성분구성": "조단백 14.8% 이상, 조지방 0.43% 이상, 칼슘 0.01% 이상, 인 0.13% 이하, 조섬유 0.01% 이하, 조회분 0.93% 이하",
        "현재 재고 수량": "22개",
        "소비자 상담 전화": "마마캣 고객센터 (1544-6141)"
    },
    {
        "id": 581,
        "name": "쉬바 디럭스 고양이캔 참치 흰살과 도미 85g × 24개",
        "image": "https://mamacat.co.kr/web/product/big/20200617/2529c15367cc06ec2d77e7c04201c155.jpg",
        "가격정책": "마마캣 회원등급 할인 상품",
        "유통기한": "2022.10.20.",
        "정상 소비자가": "67,200원",
        "마마캣 판매가": "34,000원",
        "가장 높은 회원등급 할인 적용시 구매가": "32,300원 (최대 1,700원 할인)",
        "원산지": "태국",
        "제조자 | 수입자": "PATAYA FOOD INDUSTRIES LTD. | 한국마즈",
        "사용 연령": "성묘용 (12개월 이상)",
        "100g 가격": "1666원",
        "포장단위별 용량, 수량": "85g × 24개",
        "법에 의한 인증 및 허가": "사료관리법에 따른 수입신고를 필함",
        "현재 재고 수량": "5개",
        "소비자 상담 전화": "마마캣 고객센터 (1544-6141)"
    },
    {
        "id": 582,
        "name": "쉬바 디럭스 고양이캔 참치 흰살과 도미 85g",
        "image": "https://mamacat.co.kr/web/product/big/20200617/3e8b83e08b28b0462f4a688d7ca670fd.jpg",
        "가격정책": "마마캣 회원등급 할인 상품",
        "유통기한": "2022.10.20.",
        "정상 소비자가": "2,800원",
        "마마캣 판매가": "1,580원",
        "가장 높은 회원등급 할인 적용시 구매가": "1,510원 (최대 70원 할인)",
        "원산지": "태국",
        "제조자 | 수입자": "PATAYA FOOD INDUSTRIES LTD. | 한국마즈",
        "사용 연령": "성묘용 (12개월 이상)",
        "100g 가격": "1858원",
        "포장단위별 용량, 수량": "85g",
        "법에 의한 인증 및 허가": "사료관리법에 따른 수입신고를 필함",
        "현재 재고 수량": "27개",
        "소비자 상담 전화": "마마캣 고객센터 (1544-6141)"
    },
    {
        "id": 583,
        "name": "쉬바 디럭스 고양이캔 촉촉한 닭가슴살 85g × 24개",
        "image": "https://mamacat.co.kr/web/product/big/20200617/2b13cba108db1976b04e474dd17cb046.jpg",
        "가격정책": "마마캣 회원등급 할인 상품",
        "유통기한": "2022.09.24.",
        "정상 소비자가": "67,200원",
        "마마캣 판매가": "34,000원",
        "가장 높은 회원등급 할인 적용시 구매가": "32,300원 (최대 1,700원 할인)",
        "원산지": "태국",
        "제조자 | 수입자": "PATAYA FOOD INDUSTRIES LTD. | 한국마즈",
        "사용 연령": "성묘용 (12개월 이상)",
        "100g 가격": "1666원",
        "포장단위별 용량, 수량": "85g × 24개",
        "법에 의한 인증 및 허가": "사료관리법에 따른 수입신고를 필함",
        "원료구성": "닭가슴살, 변성전분, 구아검",
        "성분구성": "조단백 14.5% 이상, 조지방 0.87% 이상, 칼슘 0.003% 이상, 인 0.10% 이하, 조섬유 0.01% 이하, 조회분 0.51% 이하",
        "현재 재고 수량": "5개",
        "소비자 상담 전화": "마마캣 고객센터 (1544-6141)"
    },
    {
        "id": 584,
        "name": "쉬바 디럭스 고양이캔 촉촉한 닭가슴살 85g",
        "image": "https://mamacat.co.kr/web/product/big/20200617/523fa400dab2bdbfe2192b81d6670a0c.jpg",
        "가격정책": "마마캣 회원등급 할인 상품",
        "유통기한": "2022.09.24.",
        "정상 소비자가": "2,800원",
        "마마캣 판매가": "1,580원",
        "가장 높은 회원등급 할인 적용시 구매가": "1,510원 (최대 70원 할인)",
        "원산지": "태국",
        "제조자 | 수입자": "PATAYA FOOD INDUSTRIES LTD. | 한국마즈",
        "사용 연령": "성묘용 (12개월 이상)",
        "100g 가격": "1858원",
        "포장단위별 용량, 수량": "85g",
        "법에 의한 인증 및 허가": "사료관리법에 따른 수입신고를 필함",
        "원료구성": "닭가슴살, 변성전분, 구아검",
        "성분구성": "조단백 14.5% 이상, 조지방 0.87% 이상, 칼슘 0.003% 이상, 인 0.10% 이하, 조섬유 0.01% 이하, 조회분 0.51% 이하",
        "현재 재고 수량": "24개",
        "소비자 상담 전화": "마마캣 고객센터 (1544-6141)"
    },
    {
        "id": 585,
        "name": "쉬바 수제수프 고양이파우치 3종 맛보기 40g × 3개",
        "image": "https://mamacat.co.kr/web/product/big/20200617/2f7289a4613ab78982a1c6e4431ec458.jpg",
        "가격정책": "마마캣 회원등급 할인 상품",
        "유통기한": "각 제품의 상세페이지 참고",
        "정상 소비자가": "4,500원",
        "마마캣 판매가": "4,050원",
        "가장 높은 회원등급 할인 적용시 구매가": "3,850원 (최대 200원 할인)",
        "원산지": "태국",
        "제조자 | 수입자": "PATAYA FOOD INDUSTRIES LTD. | 한국마즈",
        "사용 연령": "성묘용 (12개월 이상)",
        "100g 가격": "3375원",
        "포장단위별 용량, 수량": "40g × 3개",
        "법에 의한 인증 및 허가": "사료관리법에 따른 수입신고를 필함",
        "원료구성": "각 상품 상세페이지 참고",
        "성분구성": "각 상품 상세페이지 참고",
        "현재 재고 수량": "14개",
        "소비자 상담 전화": "마마캣 고객센터 (1544-6141)"
    },
    {
        "id": 586,
        "name": "쉬바 수제수프 고양이파우치 3종 혼합 40g × 12개",
        "image": "https://mamacat.co.kr/web/product/big/20200617/b12d0e4593300fd48ca21e7f1bbd1f28.jpg",
        "가격정책": "마마캣 회원등급 할인 상품",
        "유통기한": "각 제품의 상세페이지 참고",
        "정상 소비자가": "18,000원",
        "마마캣 판매가": "15,000원",
        "가장 높은 회원등급 할인 적용시 구매가": "14,250원 (최대 750원 할인)",
        "원산지": "태국",
        "제조자 | 수입자": "PATAYA FOOD INDUSTRIES LTD. | 한국마즈",
        "사용 연령": "성묘용 (12개월 이상)",
        "100g 가격": "3125원",
        "포장단위별 용량, 수량": "40g × 12개",
        "법에 의한 인증 및 허가": "사료관리법에 따른 수입신고를 필함",
        "원료구성": "각 상품 상세페이지 참고",
        "성분구성": "각 상품 상세페이지 참고",
        "현재 재고 수량": "15개",
        "소비자 상담 전화": "마마캣 고객센터 (1544-6141)"
    },
    {
        "id": 587,
        "name": "쉬바 수제수프 고양이파우치 참치 가다랑어포 40g × 12개",
        "image": "https://mamacat.co.kr/web/product/big/20200617/9402376962fa7297df2d8d96cf6d4f0e.jpg",
        "가격정책": "마마캣 회원등급 할인 상품",
        "유통기한": "2022.08.19.",
        "정상 소비자가": "18,000원",
        "마마캣 판매가": "15,000원",
        "가장 높은 회원등급 할인 적용시 구매가": "14,250원 (최대 750원 할인)",
        "원산지": "태국",
        "제조자 | 수입자": "PATAYA FOOD INDUSTRIES LTD. | 한국마즈",
        "사용 연령": "성묘용 (12개월 이상)",
        "100g 가격": "3125원",
        "포장단위별 용량, 수량": "40g × 12개",
        "법에 의한 인증 및 허가": "사료관리법에 따른 수입신고를 필함",
        "원료구성": "정제수, 참치, 당근, 타피오카 변성전분, 천연착향료, 가다랑어포, 구아검, 파슬리, 잔탄검",
        "성분구성": "조단백 6.0% 이상, 조지방 0.1% 이상, 칼슘 0.001% 이상, 인 0.01% 이상, 조섬유 0.1% 이하, 조회분 1.5% 이하, 수분 92.0% 이하",
        "현재 재고 수량": "14개",
        "소비자 상담 전화": "마마캣 고객센터 (1544-6141)"
    },
    {
        "id": 588,
        "name": "쉬바 수제수프 고양이파우치 참치 가다랑어포 40g",
        "image": "https://mamacat.co.kr/web/product/big/20200617/97a15ecfc921ca37f8c043558427a892.jpg",
        "가격정책": "마마캣 회원등급 할인 상품",
        "유통기한": "2022.08.19.",
        "정상 소비자가": "1,500원",
        "마마캣 판매가": "1,420원",
        "가장 높은 회원등급 할인 적용시 구매가": "1,350원 (최대 70원 할인)",
        "원산지": "태국",
        "제조자 | 수입자": "PATAYA FOOD INDUSTRIES LTD. | 한국마즈",
        "사용 연령": "성묘용 (12개월 이상)",
        "100g 가격": "3550원",
        "포장단위별 용량, 수량": "40g",
        "법에 의한 인증 및 허가": "사료관리법에 따른 수입신고를 필함",
        "원료구성": "정제수, 참치, 당근, 타피오카 변성전분, 천연착향료, 가다랑어포, 구아검, 파슬리, 잔탄검",
        "성분구성": "조단백 6.0% 이상, 조지방 0.1% 이상, 칼슘 0.001% 이상, 인 0.01% 이상, 조섬유 0.1% 이하, 조회분 1.5% 이하, 수분 92.0% 이하",
        "현재 재고 수량": "12개",
        "소비자 상담 전화": "마마캣 고객센터 (1544-6141)"
    },
    {
        "id": 589,
        "name": "쉬바 수제수프 고양이파우치 참치 게맛살과 연어 40g × 12개",
        "image": "https://mamacat.co.kr/web/product/big/20200617/e422b27a42ba06aa98e1c2a03ffe5a2a.jpg",
        "가격정책": "마마캣 회원등급 할인 상품",
        "유통기한": "2022.08.15.",
        "정상 소비자가": "18,000원",
        "마마캣 판매가": "15,000원",
        "가장 높은 회원등급 할인 적용시 구매가": "14,250원 (최대 750원 할인)",
        "원산지": "태국",
        "제조자 | 수입자": "PATAYA FOOD INDUSTRIES LTD. | 한국마즈",
        "사용 연령": "성묘용 (12개월 이상)",
        "100g 가격": "3125원",
        "포장단위별 용량, 수량": "40g × 12개",
        "법에 의한 인증 및 허가": "사료관리법에 따른 수입신고를 필함",
        "원료구성": "정제수, 참치, 연어, 게맛살, 타피오카 변성전분, 당근, 천연착향료, 가다랑어포, 구아검, 잔탄검",
        "성분구성": "조단백 4.0% 이상, 조지방 0.2% 이상, 칼슘 0.001% 이상, 인 0.01% 이상, 조섬유 0.1% 이하, 조회분 1.5% 이하, 수분 92.0% 이하",
        "현재 재고 수량": "14개",
        "소비자 상담 전화": "마마캣 고객센터 (1544-6141)"
    },
    {
        "id": 590,
        "name": "쉬바 수제수프 고양이파우치 참치 게맛살과 연어 40g",
        "image": "https://mamacat.co.kr/web/product/big/20200617/d7e24b338ba391135934a5bb83a01d4d.jpg",
        "가격정책": "마마캣 회원등급 할인 상품",
        "유통기한": "2022.08.15.",
        "정상 소비자가": "1,500원",
        "마마캣 판매가": "1,420원",
        "가장 높은 회원등급 할인 적용시 구매가": "1,350원 (최대 70원 할인)",
        "원산지": "태국",
        "제조자 | 수입자": "PATAYA FOOD INDUSTRIES LTD. | 한국마즈",
        "사용 연령": "성묘용 (12개월 이상)",
        "100g 가격": "3550원",
        "포장단위별 용량, 수량": "40g",
        "법에 의한 인증 및 허가": "사료관리법에 따른 수입신고를 필함",
        "원료구성": "정제수, 참치, 연어, 게맛살, 타피오카 변성전분, 당근, 천연착향료, 가다랑어포, 구아검, 잔탄검",
        "성분구성": "조단백 4.0% 이상, 조지방 0.2% 이상, 칼슘 0.001% 이상, 인 0.01% 이상, 조섬유 0.1% 이하, 조회분 1.5% 이하, 수분 92.0% 이하",
        "현재 재고 수량": "21개",
        "소비자 상담 전화": "마마캣 고객센터 (1544-6141)"
    },
    {
        "id": 591,
        "name": "쉬바 수제수프 고양이파우치 참치 닭가슴살 40g × 12개",
        "image": "https://mamacat.co.kr/web/product/big/20200617/dc90cc19c3a9b334d3475748ce1b9c4c.jpg",
        "가격정책": "마마캣 회원등급 할인 상품",
        "유통기한": "2022.07.23.",
        "정상 소비자가": "18,000원",
        "마마캣 판매가": "15,000원",
        "가장 높은 회원등급 할인 적용시 구매가": "14,250원 (최대 750원 할인)",
        "원산지": "태국",
        "제조자 | 수입자": "PATAYA FOOD INDUSTRIES LTD. | 한국마즈",
        "사용 연령": "성묘용 (12개월 이상)",
        "100g 가격": "3125원",
        "포장단위별 용량, 수량": "40g × 12개",
        "법에 의한 인증 및 허가": "사료관리법에 따른 수입신고를 필함",
        "원료구성": "정제수, 참치, 닭고기, 타피오카 변성전분, 천연착향료, 가다랑어포, 구아검, 잔탄검",
        "성분구성": "조단백 6.0% 이상, 조지방 0.1% 이상, 칼슘 0.001% 이상, 인 0.01% 이상, 조섬유 0.1% 이하, 조회분 1.5% 이하, 수분 92.0% 이하",
        "현재 재고 수량": "17개",
        "소비자 상담 전화": "마마캣 고객센터 (1544-6141)"
    },
    {
        "id": 592,
        "name": "쉬바 수제수프 고양이파우치 참치 닭가슴살 40g",
        "image": "https://mamacat.co.kr/web/product/big/20200617/e896f8b626d965123a61fa4ecd8c4d0a.jpg",
        "가격정책": "마마캣 회원등급 할인 상품",
        "유통기한": "2022.07.23.",
        "정상 소비자가": "1,500원",
        "마마캣 판매가": "1,420원",
        "가장 높은 회원등급 할인 적용시 구매가": "1,350원 (최대 70원 할인)",
        "원산지": "태국",
        "제조자 | 수입자": "PATAYA FOOD INDUSTRIES LTD. | 한국마즈",
        "사용 연령": "성묘용 (12개월 이상)",
        "100g 가격": "3550원",
        "포장단위별 용량, 수량": "40g",
        "법에 의한 인증 및 허가": "사료관리법에 따른 수입신고를 필함",
        "원료구성": "정제수, 참치, 닭고기, 타피오카 변성전분, 천연착향료, 가다랑어포, 구아검, 잔탄검",
        "성분구성": "조단백 6.0% 이상, 조지방 0.1% 이상, 칼슘 0.001% 이상, 인 0.01% 이상, 조섬유 0.1% 이하, 조회분 1.5% 이하, 수분 92.0% 이하",
        "현재 재고 수량": "13개",
        "소비자 상담 전화": "마마캣 고객센터 (1544-6141)"
    },
    {
        "id": 593,
        "name": "쉬바 캣 습식파우치 5종 맛보기 70g × 5개",
        "image": "https://mamacat.co.kr/web/product/big/202007/df3edae1793765bcb9cce5d752715c7b.jpg",
        "가격정책": "최저마진",
        "유통기한": "각 제품의 상세페이지 참고",
        "정상 소비자가": "10,000원",
        "마마캣 판매가": "6,250원",
        "원산지": "태국",
        "제조자 | 수입자": "PATAYA FOOD INDUSTRIES LTD.| 한국마즈(유)",
        "사용 연령": "1세 이상 성묘용",
        "100g 가격": "1,786원",
        "포장단위별 용량, 수량": "70g × 5개",
        "법에 의한 인증 및 허가": "사료관리법에 따른 수입신고를 필함",
        "원료구성": "각 상품 상세페이지 참고",
        "성분구성": "각 상품 상세페이지 참고",
        "현재 재고 수량": "17개",
        "소비자 상담 전화": "마마캣 고객센터 (1544-6141)"
    },
    {
        "id": 594,
        "name": "쉬바 캣 습식파우치 5종 혼합 70g × 10개",
        "image": "https://mamacat.co.kr/web/product/big/202007/d87a05d25789b57654c908159cf30711.jpg",
        "가격정책": "최저마진",
        "유통기한": "각 제품의 상세페이지 참고",
        "정상 소비자가": "20,000원",
        "마마캣 판매가": "11,660원",
        "원산지": "태국",
        "제조자 | 수입자": "PATAYA FOOD INDUSTRIES LTD.| 한국마즈(유)",
        "사용 연령": "1세 이상 성묘용",
        "100g 가격": "1,665원",
        "포장단위별 용량, 수량": "70g × 10개",
        "법에 의한 인증 및 허가": "사료관리법에 따른 수입신고를 필함",
        "원료구성": "각 상품 상세페이지 참고",
        "성분구성": "각 상품 상세페이지 참고",
        "현재 재고 수량": "11개",
        "소비자 상담 전화": "마마캣 고객센터 (1544-6141)"
    },
    {
        "id": 595,
        "name": "쉬바 캣 습식파우치 5종 혼합 70g × 20개",
        "image": "https://mamacat.co.kr/web/product/big/202007/68296dbbb87a835ba8a4c5718c3e7e27.jpg",
        "가격정책": "최저마진",
        "유통기한": "각 제품의 상세페이지 참고",
        "정상 소비자가": "40,000원",
        "마마캣 판매가": "21,980원",
        "원산지": "태국",
        "제조자 | 수입자": "PATAYA FOOD INDUSTRIES LTD.| 한국마즈(유)",
        "사용 연령": "1세 이상 성묘용",
        "100g 가격": "1,571원",
        "포장단위별 용량, 수량": "70g × 20개",
        "법에 의한 인증 및 허가": "사료관리법에 따른 수입신고를 필함",
        "원료구성": "각 상품 상세페이지 참고",
        "성분구성": "각 상품 상세페이지 참고",
        "현재 재고 수량": "22개",
        "소비자 상담 전화": "마마캣 고객센터 (1544-6141)"
    },
    {
        "id": 596,
        "name": "쉬바 캣 습식파우치 참치 70g × 24개",
        "image": "https://mamacat.co.kr/web/product/big/20191204/55c00880290069a6b56d6a43825b3b39.jpg",
        "가격정책": "최저마진",
        "유통기한": "2022.12.26.",
        "정상 소비자가": "48,000원",
        "마마캣 판매가": "26,390원",
        "원산지": "태국",
        "제조자 | 수입자": "PATAYA FOOD INDUSTRIES LTD.| 한국마즈(유)",
        "사용 연령": "1세 이상 성묘용",
        "100g 가격": "1,571원",
        "포장단위별 용량, 수량": "70g × 24개",
        "법에 의한 인증 및 허가": "사료관리법에 따른 수입신고를 필함",
        "원료구성": "참치, 식물성 오일, 필수미타민, 미네랄, 젤리, 삼인산나트륨, 밀글루텐, 타우린, 우혈장, 아미노산, 식품착색제",
        "성분구성": "조단백 10.0% 이상, 조지방 1.5% 이상, 칼슘 0.1% 이상, 인 0.3% 이하, 조섬유 0.5% 이하, 조회분 3.0% 이하",
        "현재 재고 수량": "6개",
        "소비자 상담 전화": "마마캣 고객센터 (1544-6141)"
    },
    {
        "id": 597,
        "name": "쉬바 캣 습식파우치 참치 70g",
        "image": "https://mamacat.co.kr/web/product/big/20200605/cd8a2ae5913df83c39535104c8f23743.jpg",
        "가격정책": "최저마진",
        "유통기한": "2022.12.26.",
        "정상 소비자가": "2,000원",
        "마마캣 판매가": "1,300원",
        "원산지": "태국",
        "제조자 | 수입자": "PATAYA FOOD INDUSTRIES LTD.| 한국마즈(유)",
        "사용 연령": "1세 이상 성묘용",
        "100g 가격": "1,857원",
        "포장단위별 용량, 수량": "70g",
        "법에 의한 인증 및 허가": "사료관리법에 따른 수입신고를 필함",
        "원료구성": "참치, 식물성 오일, 필수미타민, 미네랄, 젤리, 삼인산나트륨, 밀글루텐, 타우린, 우혈장, 아미노산, 식품착색제",
        "성분구성": "조단백 10.0% 이상, 조지방 1.5% 이상, 칼슘 0.1% 이상, 인 0.3% 이하, 조섬유 0.5% 이하, 조회분 3.0% 이하",
        "현재 재고 수량": "32개",
        "소비자 상담 전화": "마마캣 고객센터 (1544-6141)"
    },
    {
        "id": 598,
        "name": "쉬바 캣 습식파우치 참치와 게살 70g × 24개",
        "image": "https://mamacat.co.kr/web/product/big/20191204/eda19f157955cadc3bbe06a0361433fd.jpg",
        "가격정책": "최저마진",
        "정상 소비자가": "48,000원",
        "마마캣 판매가": "26,390원",
        "원산지": "태국",
        "제조자 | 수입자": "PATAYA FOOD INDUSTRIES LTD.| 한국마즈(유)",
        "사용 연령": "1세 이상 성묘용",
        "100g 가격": "1,571원",
        "포장단위별 용량, 수량": "70g × 24개",
        "법에 의한 인증 및 허가": "사료관리법에 따른 수입신고를 필함",
        "원료구성": "참치, 게살, 식물성 오일, 필수비타민, 미네랄, 젤리, 삼인산나트륨, 밀글루텐, 타우린, 우혈장, 아미노산, 식품착색제",
        "성분구성": "조단백 10.0%이상, 조지방 1.5%이상, 칼슘 0.1%이상, 인 0.2%이하, 조섬유 0.5%이하, 조회분 3%이하",
        "현재 재고 수량": "11개",
        "소비자 상담 전화": "마마캣 고객센터 (1544-6141)"
    },
    {
        "id": 599,
        "name": "쉬바 캣 습식파우치 참치와 게살 70g",
        "image": "https://mamacat.co.kr/web/product/big/20200605/a72671b0b32c5097e1b9fd53d09be4cf.jpg",
        "가격정책": "최저마진",
        "정상 소비자가": "2,000원",
        "마마캣 판매가": "1,300원",
        "원산지": "태국",
        "제조자 | 수입자": "PATAYA FOOD INDUSTRIES LTD.| 한국마즈(유)",
        "사용 연령": "1세 이상 성묘용",
        "100g 가격": "1,857원",
        "포장단위별 용량, 수량": "70g",
        "법에 의한 인증 및 허가": "사료관리법에 따른 수입신고를 필함",
        "원료구성": "참치, 게살, 식물성 오일, 필수비타민, 미네랄, 젤리, 삼인산나트륨, 밀글루텐, 타우린, 우혈장, 아미노산, 식품착색제",
        "성분구성": "조단백 10.0%이상, 조지방 1.5%이상, 칼슘 0.1%이상, 인 0.2%이하, 조섬유 0.5%이하, 조회분 3%이하",
        "현재 재고 수량": "29개",
        "소비자 상담 전화": "마마캣 고객센터 (1544-6141)"
    },
    {
        "id": 600,
        "name": "쉬바 캣 습식파우치 참치와 닭고기 70g × 24개",
        "image": "https://mamacat.co.kr/web/product/big/20191204/609a9da90afb3256e240469476d5aa2f.jpg",
        "가격정책": "최저마진",
        "정상 소비자가": "48,000원",
        "마마캣 판매가": "26,390원",
        "원산지": "태국",
        "제조자 | 수입자": "PATAYA FOOD INDUSTRIES LTD.| 한국마즈(유)",
        "사용 연령": "1세 이상 성묘용",
        "100g 가격": "1,571원",
        "포장단위별 용량, 수량": "70g × 24개",
        "법에 의한 인증 및 허가": "사료관리법에 따른 수입신고를 필함",
        "원료구성": "참치, 닭고기, 말린 가다랑어, 식물성 오일, 필수 비타민, 미네랄, 젤리, 삼인산나트륨, 밀글루텐, 타우린, 우혈장, 아미노산, 식품착색제",
        "성분구성": "조단백 10.0%이상, 조지방 1.5%이상, 칼슘 0.1%이상, 인 0.2%이하, 조섬유 0.5%이하, 조회분 3%이하",
        "현재 재고 수량": "2개",
        "소비자 상담 전화": "마마캣 고객센터 (1544-6141)"
    },
    {
        "id": 601,
        "name": "쉬바 캣 습식파우치 참치와 닭고기 70g",
        "image": "https://mamacat.co.kr/web/product/big/202007/aa8624a71acf82faf14e9577a9db6cf1.jpg",
        "가격정책": "최저마진",
        "정상 소비자가": "2,000원",
        "마마캣 판매가": "1,300원",
        "원산지": "태국",
        "제조자 | 수입자": "PATAYA FOOD INDUSTRIES LTD.| 한국마즈(유)",
        "사용 연령": "1세 이상 성묘용",
        "100g 가격": "1,857원",
        "포장단위별 용량, 수량": "70g",
        "법에 의한 인증 및 허가": "사료관리법에 따른 수입신고를 필함",
        "원료구성": "참치, 닭고기, 말린 가다랑어, 식물성 오일, 필수 비타민, 미네랄, 젤리, 삼인산나트륨, 밀글루텐, 타우린, 우혈장, 아미노산, 식품착색제",
        "성분구성": "조단백 10.0%이상, 조지방 1.5%이상, 칼슘 0.1%이상, 인 0.2%이하, 조섬유 0.5%이하, 조회분 3%이하",
        "현재 재고 수량": "22개",
        "소비자 상담 전화": "마마캣 고객센터 (1544-6141)"
    },
    {
        "id": 602,
        "name": "쉬바 캣 습식파우치 참치와 도미 70g × 24개",
        "image": "https://mamacat.co.kr/web/product/big/20191204/4be4a3b56d91a5ea99d1b83fcf21d03d.jpg",
        "가격정책": "최저마진",
        "유통기한": "2023.01.26.",
        "정상 소비자가": "48,000원",
        "마마캣 판매가": "26,390원",
        "원산지": "태국",
        "제조자 | 수입자": "PATAYA FOOD INDUSTRIES LTD.| 한국마즈(유)",
        "사용 연령": "1세 이상 성묘용",
        "100g 가격": "1,571원",
        "포장단위별 용량, 수량": "70g × 24개",
        "법에 의한 인증 및 허가": "사료관리법에 따른 수입신고를 필함",
        "원료구성": "참치, 도미, 식물성 오일, 필수미타민, 미네랄, 젤리, 삼인산나트륨, 밀글루텐, 타우린, 우혈장, 아미노산, 식품착색제",
        "성분구성": "조단백 10.0%이상, 조지방 1.5%이상, 칼슘 0.1%이상, 인 0.3%이하, 조섬유 0.5%이하, 조회분 3.0%이하",
        "현재 재고 수량": "3개",
        "소비자 상담 전화": "마마캣 고객센터 (1544-6141)"
    },
    {
        "id": 603,
        "name": "쉬바 캣 습식파우치 참치와 도미 70g",
        "image": "https://mamacat.co.kr/web/product/big/20200605/f2767c148d14c625b1c6fd49591d26f9.jpg",
        "가격정책": "최저마진",
        "유통기한": "2023.01.26.",
        "정상 소비자가": "2,000원",
        "마마캣 판매가": "1,300원",
        "원산지": "태국",
        "제조자 | 수입자": "PATAYA FOOD INDUSTRIES LTD.| 한국마즈(유)",
        "사용 연령": "1세 이상 성묘용",
        "100g 가격": "1,857원",
        "포장단위별 용량, 수량": "70g",
        "법에 의한 인증 및 허가": "사료관리법에 따른 수입신고를 필함",
        "원료구성": "참치, 도미, 식물성 오일, 필수미타민, 미네랄, 젤리, 삼인산나트륨, 밀글루텐, 타우린, 우혈장, 아미노산, 식품착색제",
        "성분구성": "조단백 10.0%이상, 조지방 1.5%이상, 칼슘 0.1%이상, 인 0.3%이하, 조섬유 0.5%이하, 조회분 3.0%이하",
        "현재 재고 수량": "23개",
        "소비자 상담 전화": "마마캣 고객센터 (1544-6141)"
    },
    {
        "id": 604,
        "name": "쉬바 캣 습식파우치 참치와 연어 70g × 24개",
        "image": "https://mamacat.co.kr/web/product/big/20191204/df4de35e57ccc526bba9145bef6501b3.jpg",
        "가격정책": "최저마진",
        "유통기한": "2023.02.02.",
        "정상 소비자가": "48,000원",
        "마마캣 판매가": "26,390원",
        "원산지": "태국",
        "제조자 | 수입자": "PATAYA FOOD INDUSTRIES LTD.| 한국마즈(유)",
        "사용 연령": "1세 이상 성묘용",
        "100g 가격": "1,571원",
        "포장단위별 용량, 수량": "70g × 24개",
        "법에 의한 인증 및 허가": "사료관리법에 따른 수입신고를 필함",
        "원료구성": "참치, 연어, 식물성 오일, 필수미타민, 미네랄, 젤리, 삼인산나트륨, 밀글루텐, 타우린, 우혈장, 아미노산, 식품착색제",
        "성분구성": "조단백 10.0%이상, 조지방 1.5%이상, 칼슘 0.1%이상, 인 0.3%이하, 조섬유 0.5%이하, 조회분 3.0%이하",
        "현재 재고 수량": "5개",
        "소비자 상담 전화": "마마캣 고객센터 (1544-6141)"
    },
    {
        "id": 605,
        "name": "쉬바 캣 습식파우치 참치와 연어 70g",
        "image": "https://mamacat.co.kr/web/product/big/202007/dc8cf81a979f9515227ddf91c4363821.jpg",
        "가격정책": "최저마진",
        "유통기한": "2023.02.02.",
        "정상 소비자가": "2,000원",
        "마마캣 판매가": "1,300원",
        "원산지": "태국",
        "제조자 | 수입자": "PATAYA FOOD INDUSTRIES LTD.| 한국마즈(유)",
        "사용 연령": "1세 이상 성묘용",
        "100g 가격": "1,857원",
        "포장단위별 용량, 수량": "70g",
        "법에 의한 인증 및 허가": "사료관리법에 따른 수입신고를 필함",
        "원료구성": "참치, 연어, 식물성 오일, 필수미타민, 미네랄, 젤리, 삼인산나트륨, 밀글루텐, 타우린, 우혈장, 아미노산, 식품착색제",
        "성분구성": "조단백 10.0%이상, 조지방 1.5%이상, 칼슘 0.1%이상, 인 0.3%이하, 조섬유 0.5%이하, 조회분 3.0%이하",
        "현재 재고 수량": "45개",
        "소비자 상담 전화": "마마캣 고객센터 (1544-6141)"
    },
    {
        "id": 606,
        "name": "아보덤 내추럴 캣 그레인프리 주식캔 6종 맛보기 85g × 6개",
        "image": "https://mamacat.co.kr/web/product/big/202010/5da62158d8a91865546a04192025329d.png",
        "가격정책": "최저마진",
        "유통기한": "각 상품 상세페이지 참고",
        "정상 소비자가": "15,000원",
        "마마캣 판매가": "11,100원",
        "원산지": "태국",
        "제조자 | 수입자": "Breeders Choice Pet Foods, Inc. | 씨씨펫(주)",
        "사용 연령": "4개월 이상 추천",
        "100g 가격": "2,176원",
        "포장단위별 용량, 수량": "85g × 6개",
        "법에 의한 인증 및 허가": "사료관리법에 따른 수입신고를 필함",
        "원료구성": "각 상품의 상세페이지 참고",
        "성분구성": "각 상품의 상세페이지 참고",
        "현재 재고 수량": "38개",
        "소비자 상담 전화": "마마캣 고객센터 (1544-6141)"
    },
    {
        "id": 607,
        "name": "아보덤 내추럴 캣 그레인프리 주식캔 6종 혼합 85g × 12개",
        "image": "https://mamacat.co.kr/web/product/big/202010/27a7144ba84bc153c7d2866a8bd7496d.png",
        "가격정책": "최저마진",
        "유통기한": "각 상품 상세페이지 참고",
        "정상 소비자가": "36,000원",
        "마마캣 판매가": "19,900원",
        "원산지": "태국",
        "제조자 | 수입자": "Breeders Choice Pet Foods, Inc. | 씨씨펫(주)",
        "사용 연령": "4개월 이상 추천",
        "100g 가격": "1,951원",
        "포장단위별 용량, 수량": "85g × 12개",
        "법에 의한 인증 및 허가": "사료관리법에 따른 수입신고를 필함",
        "원료구성": "각 상품의 상세페이지 참고",
        "성분구성": "각 상품의 상세페이지 참고",
        "현재 재고 수량": "17개",
        "소비자 상담 전화": "마마캣 고객센터 (1544-6141)"
    },
    {
        "id": 608,
        "name": "아보덤 내추럴 캣 그레인프리 주식캔 연어&치킨 85g × 12개",
        "image": "https://mamacat.co.kr/web/product/big/20191204/c145e405e03a5ff9226f133a3cfa7937.jpg",
        "가격정책": "최저마진",
        "유통기한": "2023.12.18.",
        "정상 소비자가": "36,000원",
        "마마캣 판매가": "19,900원",
        "원산지": "태국",
        "제조자 | 수입자": "Breeders Choice Pet Foods, Inc. | 씨씨펫(주)",
        "사용 연령": "4개월 이상 추천",
        "100g 가격": "1,951원",
        "포장단위별 용량, 수량": "85g × 12개",
        "법에 의한 인증 및 허가": "사료관리법에 따른 수입신고를 필함",
        "원료구성": "생선육수, 연어, 치킨, 정어리, PEA단백질, 해바라기 오일, 타피오카 전분, 제삼인산칼슘, 구아검, 아보카도오일, 타우린, 염화칼륨, 제1질산티아민, 나이아신, 판토텐산칼슘, 리보플라빈, 비타민E, 비타민A, 비타민B6, 비타민K3, 비타민D3, 비타민B12, 비오틴, 엽산 등",
        "성분구성": "조단백 7.0%이상, 조지방 1.9%이상, 조섬유 3.0%이하, 조회분 3.5%이하, 조수분 85.0%이하, 칼슘 0.05%이상, 인 0.08%이상",
        "현재 재고 수량": "9개",
        "소비자 상담 전화": "마마캣 고객센터 (1544-6141)"
    },
    {
        "id": 609,
        "name": "아보덤 내추럴 캣 그레인프리 주식캔 연어&치킨 85g",
        "image": "https://mamacat.co.kr/web/product/big/20191204/6ceaa4d872bb6ff8264272b0212e4ca5.jpg",
        "가격정책": "최저마진",
        "유통기한": "2023.12.18.",
        "정상 소비자가": "3,000원",
        "마마캣 판매가": "1,890원",
        "원산지": "태국",
        "제조자 | 수입자": "Breeders Choice Pet Foods, Inc. | 씨씨펫(주)",
        "사용 연령": "4개월 이상 추천",
        "100g 가격": "2,224원",
        "포장단위별 용량, 수량": "85g",
        "법에 의한 인증 및 허가": "사료관리법에 따른 수입신고를 필함",
        "원료구성": "생선육수, 연어, 치킨, 정어리, PEA단백질, 해바라기 오일, 타피오카 전분, 제삼인산칼슘, 구아검, 아보카도오일, 타우린, 염화칼륨, 제1질산티아민, 나이아신, 판토텐산칼슘, 리보플라빈, 비타민E, 비타민A, 비타민B6, 비타민K3, 비타민D3, 비타민B12, 비오틴, 엽산 등",
        "성분구성": "조단백 7.0%이상, 조지방 1.9%이상, 조섬유 3.0%이하, 조회분 3.5%이하, 조수분 85.0%이하, 칼슘 0.05%이상, 인 0.08%이상",
        "현재 재고 수량": "45개",
        "소비자 상담 전화": "마마캣 고객센터 (1544-6141)"
    },
    {
        "id": 610,
        "name": "아보덤 내추럴 캣 그레인프리 주식캔 정어리, 새우&게살 85g × 12개",
        "image": "https://mamacat.co.kr/web/product/big/20191204/a0b3067d02eaad40e47a90bdc06b765d.jpg",
        "가격정책": "최저마진",
        "유통기한": "2023.08.29.",
        "정상 소비자가": "36,000원",
        "마마캣 판매가": "19,900원",
        "원산지": "태국",
        "제조자 | 수입자": "Breeders Choice Pet Foods, Inc. | 씨씨펫(주)",
        "사용 연령": "4개월 이상 추천",
        "100g 가격": "1,951원",
        "포장단위별 용량, 수량": "85g × 12개",
        "법에 의한 인증 및 허가": "사료관리법에 따른 수입신고를 필함",
        "원료구성": "정어리, 생선육수, 새우, 게, 타피오카, 해바라기유, 구아검, 제삼인산칼슘, 아보카도 오일, 타우린, 정제소금, 미네랄(산화 아연, 환원철, 아셀렌산나트륨, 황산망간, 요오드화칼륨) 염화칼륨, 염화콜린, 비타민 (비타민E, 나이아신, 치아민 질산염, 비타민 A분말) 등",
        "성분구성": "조단백 8.0% 이상, 조지방 1.5% 이상, 조섬유 2.0% 이하, 조회분 3.0% 이하, 수분 86.0% 이하, 칼슘 0.05% 이상, 인 0.08% 이상",
        "현재 재고 수량": "5개",
        "소비자 상담 전화": "마마캣 고객센터 (1544-6141)"
    },
    {
        "id": 611,
        "name": "아보덤 내추럴 캣 그레인프리 주식캔 정어리, 새우&게살 85g",
        "image": "https://mamacat.co.kr/web/product/big/20191204/60b6f0f43663f9bb75c634e8c4860df0.jpg",
        "가격정책": "최저마진",
        "유통기한": "2023.08.29.",
        "정상 소비자가": "3,000원",
        "마마캣 판매가": "1,890원",
        "원산지": "태국",
        "제조자 | 수입자": "Breeders Choice Pet Foods, Inc. | 씨씨펫(주)",
        "사용 연령": "4개월 이상 추천",
        "100g 가격": "2,224원",
        "포장단위별 용량, 수량": "85g",
        "법에 의한 인증 및 허가": "사료관리법에 따른 수입신고를 필함",
        "원료구성": "정어리, 생선육수, 새우, 게, 타피오카, 해바라기유, 구아검, 제삼인산칼슘, 아보카도 오일, 타우린, 정제소금, 미네랄(산화 아연, 환원철, 아셀렌산나트륨, 황산망간, 요오드화칼륨) 염화칼륨, 염화콜린, 비타민 (비타민E, 나이아신, 치아민 질산염, 비타민 A분말) 등",
        "성분구성": "조단백 8.0% 이상, 조지방 1.5% 이상, 조섬유 2.0% 이하, 조회분 3.0% 이하, 수분 86.0% 이하, 칼슘 0.05% 이상, 인 0.08% 이상",
        "현재 재고 수량": "41개",
        "소비자 상담 전화": "마마캣 고객센터 (1544-6141)"
    },
    {
        "id": 612,
        "name": "아보덤 내추럴 캣 그레인프리 주식캔 참치&게살 85g × 12개",
        "image": "https://mamacat.co.kr/web/product/big/20191204/5817dec3ce0c23aec0cd9d63d3278263.jpg",
        "가격정책": "최저마진",
        "유통기한": "2024.01.30.",
        "정상 소비자가": "36,000원",
        "마마캣 판매가": "19,900원",
        "원산지": "태국",
        "제조자 | 수입자": "Breeders Choice Pet Foods, Inc. | 씨씨펫(주)",
        "사용 연령": "4개월 이상 추천",
        "100g 가격": "1,951원",
        "포장단위별 용량, 수량": "85g × 12개",
        "법에 의한 인증 및 허가": "사료관리법에 따른 수입신고를 필함",
        "원료구성": "참치, 참치육수, 게, 해바라기 오일, 타피오카 전분, 제삼인산칼슘, 구아검, 아보카도오일, 타우린, 염화칼륨, 제1질산티아민, 나이아신, 판토텐산칼슘, 리보플라빈, 비타민E, 비타민A, 비타민B6, 비타민K3, 비타민D3, 비타민B12, 비오틴, 엽산, 산화아연, 황산철 등",
        "성분구성": "조단백 8.0% 이상, 조지방 0.5% 이상, 조섬유 3.0% 이하, 조회분 3.5% 이하, 조수분 85.0% 이하, 칼슘 0.05% 이상, 인 0.08% 이상",
        "현재 재고 수량": "7개",
        "소비자 상담 전화": "마마캣 고객센터 (1544-6141)"
    },
    {
        "id": 613,
        "name": "아보덤 내추럴 캣 그레인프리 주식캔 참치&게살 85g",
        "image": "https://mamacat.co.kr/web/product/big/20191204/2f9bb36913f6fd4b0275b37f52bd700f.jpg",
        "가격정책": "최저마진",
        "유통기한": "2024.01.30.",
        "정상 소비자가": "3,000원",
        "마마캣 판매가": "1,890원",
        "원산지": "태국",
        "제조자 | 수입자": "Breeders Choice Pet Foods, Inc. | 씨씨펫(주)",
        "사용 연령": "4개월 이상 추천",
        "100g 가격": "2,224원",
        "포장단위별 용량, 수량": "85g",
        "법에 의한 인증 및 허가": "사료관리법에 따른 수입신고를 필함",
        "원료구성": "참치, 참치육수, 게, 해바라기 오일, 타피오카 전분, 제삼인산칼슘, 구아검, 아보카도오일, 타우린, 염화칼륨, 제1질산티아민, 나이아신, 판토텐산칼슘, 리보플라빈, 비타민E, 비타민A, 비타민B6, 비타민K3, 비타민D3, 비타민B12, 비오틴, 엽산, 산화아연, 황산철 등",
        "성분구성": "조단백 8.0% 이상, 조지방 0.5% 이상, 조섬유 3.0% 이하, 조회분 3.5% 이하, 조수분 85.0% 이하, 칼슘 0.05% 이상, 인 0.08% 이상",
        "현재 재고 수량": "70개",
        "소비자 상담 전화": "마마캣 고객센터 (1544-6141)"
    },
    {
        "id": 614,
        "name": "아보덤 내추럴 캣 그레인프리 주식캔 참치&새우 85g × 12개",
        "image": "https://mamacat.co.kr/web/product/big/20191204/1e47d3377f0870d372f221a8094330c0.jpg",
        "가격정책": "최저마진",
        "유통기한": "2023.07.14.",
        "정상 소비자가": "36,000원",
        "마마캣 판매가": "19,900원",
        "원산지": "태국",
        "제조자 | 수입자": "Breeders Choice Pet Foods, Inc. | 씨씨펫(주)",
        "사용 연령": "4개월 이상 추천",
        "100g 가격": "1,951원",
        "포장단위별 용량, 수량": "85g × 12개",
        "법에 의한 인증 및 허가": "사료관리법에 따른 수입신고를 필함",
        "원료구성": "참치, 생선육수, 새우, 타피오카, 해바라기유, 제삼인산칼슘, 아보카도오일, 구아검, 타우린, 미네랄 (산화아연, 환원철, 아셀렌산나트륨, 황산망간, 요오드화 칼륨), 비타민 (비타민E, 나이아신, 치아민 질산염, 비타민A분말 비타민 B12 등)",
        "성분구성": "조단백 10.0% 이상, 조지방 1.8% 이상, 조섬유 2.0% 이하, 조회분 3.0% 이하, 수분 86.0% 이하, 칼슘 0.05% 이상, 인 0.08% 이상",
        "현재 재고 수량": "7개",
        "소비자 상담 전화": "마마캣 고객센터 (1544-6141)"
    },
    {
        "id": 615,
        "name": "아보덤 내추럴 캣 그레인프리 주식캔 참치&새우 85g",
        "image": "https://mamacat.co.kr/web/product/big/20191204/e61a54fdac370744a14abbb77f5d264b.jpg",
        "가격정책": "최저마진",
        "유통기한": "2023.07.14.",
        "정상 소비자가": "3,000원",
        "마마캣 판매가": "1,890원",
        "원산지": "태국",
        "제조자 | 수입자": "Breeders Choice Pet Foods, Inc. | 씨씨펫(주)",
        "사용 연령": "4개월 이상 추천",
        "100g 가격": "2,224원",
        "포장단위별 용량, 수량": "85g",
        "법에 의한 인증 및 허가": "사료관리법에 따른 수입신고를 필함",
        "원료구성": "참치, 생선육수, 새우, 타피오카, 해바라기유, 제삼인산칼슘, 아보카도오일, 구아검, 타우린, 미네랄 (산화아연, 환원철, 아셀렌산나트륨, 황산망간, 요오드화 칼륨), 비타민 (비타민E, 나이아신, 치아민 질산염, 비타민A분말 비타민 B12 등)",
        "성분구성": "조단백 10.0% 이상, 조지방 1.8% 이상, 조섬유 2.0% 이하, 조회분 3.0% 이하, 수분 86.0% 이하, 칼슘 0.05% 이상, 인 0.08% 이상",
        "현재 재고 수량": "31개",
        "소비자 상담 전화": "마마캣 고객센터 (1544-6141)"
    },
    {
        "id": 616,
        "name": "아보덤 내추럴 캣 그레인프리 주식캔 참치&치킨 85g × 12개",
        "image": "https://mamacat.co.kr/web/product/big/20191204/88228d0a65bd29509c217b605fa5e33e.jpg",
        "가격정책": "최저마진",
        "유통기한": "2023.01.28.",
        "정상 소비자가": "36,000원",
        "마마캣 판매가": "19,900원",
        "원산지": "태국",
        "제조자 | 수입자": "Breeders Choice Pet Foods, Inc. | 씨씨펫(주)",
        "사용 연령": "4개월 이상 추천",
        "100g 가격": "1,951원",
        "포장단위별 용량, 수량": "85g × 12개",
        "법에 의한 인증 및 허가": "사료관리법에 따른 수입신고를 필함",
        "원료구성": "참치, 생선육수, 치킨, 해바라기 오일, 당근, PEA단백질, 제삼인산칼슘, 구아검, 아보카도오일, 타우린, 염화칼륨, 제1질산티아민, 나이아신, 판토텐산칼슘, 리보플라빈, 비타민E, 비타민A, 비타민B6, 비타민K3, 비타민D3, 비타민B12, 비오틴, 엽산 등",
        "성분구성": "조단백 8.0%이상, 조지방 2.0%이상, 조섬유 3.0%이하, 조회분 3.5%이하, 조수분 85.0%이하, 칼슘 0.05%이상, 인 0.08%이상",
        "현재 재고 수량": "8개",
        "소비자 상담 전화": "마마캣 고객센터 (1544-6141)"
    },
    {
        "id": 617,
        "name": "아보덤 내추럴 캣 그레인프리 주식캔 참치&치킨 85g",
        "image": "https://mamacat.co.kr/web/product/big/20191204/513f894d5e5b80ea076994772a7e282a.jpg",
        "가격정책": "최저마진",
        "유통기한": "2023.01.28.",
        "정상 소비자가": "3,000원",
        "마마캣 판매가": "1,890원",
        "원산지": "태국",
        "제조자 | 수입자": "Breeders Choice Pet Foods, Inc. | 씨씨펫(주)",
        "사용 연령": "4개월 이상 추천",
        "100g 가격": "2,224원",
        "포장단위별 용량, 수량": "85g",
        "법에 의한 인증 및 허가": "사료관리법에 따른 수입신고를 필함",
        "원료구성": "참치, 생선육수, 치킨, 해바라기 오일, 당근, PEA단백질, 제삼인산칼슘, 구아검, 아보카도오일, 타우린, 염화칼륨, 제1질산티아민, 나이아신, 판토텐산칼슘, 리보플라빈, 비타민E, 비타민A, 비타민B6, 비타민K3, 비타민D3, 비타민B12, 비오틴, 엽산 등",
        "성분구성": "조단백 8.0%이상, 조지방 2.0%이상, 조섬유 3.0%이하, 조회분 3.5%이하, 조수분 85.0%이하, 칼슘 0.05%이상, 인 0.08%이상",
        "현재 재고 수량": "49개",
        "소비자 상담 전화": "마마캣 고객센터 (1544-6141)"
    },
    {
        "id": 618,
        "name": "아보덤 내추럴 캣 그레인프리 주식캔 치킨&오리 85g × 12개",
        "image": "https://mamacat.co.kr/web/product/big/202010/2a4695bb706a00187d5dd6c86b20a72c.png",
        "가격정책": "최저마진",
        "유통기한": "2023.09.12.",
        "정상 소비자가": "36,000원",
        "마마캣 판매가": "19,900원",
        "원산지": "태국",
        "제조자 | 수입자": "Breeders Choice Pet Foods, Inc. | 씨씨펫(주)",
        "사용 연령": "4개월 이상 추천",
        "100g 가격": "1,951원",
        "포장단위별 용량, 수량": "85g × 12개",
        "법에 의한 인증 및 허가": "사료관리법에 따른 수입신고를 필함",
        "원료구성": "닭고기 육수, 닭고기, 완두단백질, 타피오카 전분, 오리, 제삼인산칼슘, 구아검, 해바라기 오일, 아보카도 오일, 타우린, 연어오일, 염화칼륨, 미네랄(산화아연, 환원철, 아셀렌산나트륨, 황산망간, 구리 아미노산 복합물, 요오드화칼륨), 염화콜린 등",
        "성분구성": "조단백질 4.0%이상, 조지방 2.0%이상, 조섬유 2.0%이하, 조회분 3.5%이하, 수분 85%이하, 칼슘 0.05%이상, 인 0.05%이상 / 칼로리(ME)=965kcal/kg",
        "현재 재고 수량": "11개",
        "소비자 상담 전화": "마마캣 고객센터 (1544-6141)"
    },
    {
        "id": 619,
        "name": "아보덤 내추럴 캣 그레인프리 주식캔 치킨&오리 85g",
        "image": "https://mamacat.co.kr/web/product/big/202010/dc9ee732534cd7d6e0a25594805fc4a3.png",
        "가격정책": "최저마진",
        "유통기한": "2023.09.12.",
        "정상 소비자가": "3,000원",
        "마마캣 판매가": "1,890원",
        "원산지": "태국",
        "제조자 | 수입자": "Breeders Choice Pet Foods, Inc. | 씨씨펫(주)",
        "사용 연령": "4개월 이상 추천",
        "100g 가격": "2,224원",
        "포장단위별 용량, 수량": "85g",
        "법에 의한 인증 및 허가": "사료관리법에 따른 수입신고를 필함",
        "원료구성": "닭고기 육수, 닭고기, 완두단백질, 타피오카 전분, 오리, 제삼인산칼슘, 구아검, 해바라기 오일, 아보카도 오일, 타우린, 연어오일, 염화칼륨, 미네랄(산화아연, 환원철, 아셀렌산나트륨, 황산망간, 구리 아미노산 복합물, 요오드화칼륨), 염화콜린 등",
        "성분구성": "조단백질 4.0%이상, 조지방 2.0%이상, 조섬유 2.0%이하, 조회분 3.5%이하, 수분 85%이하, 칼슘 0.05%이상, 인 0.05%이상 / 칼로리(ME)=965kcal/kg",
        "현재 재고 수량": "26개",
        "소비자 상담 전화": "마마캣 고객센터 (1544-6141)"
    },
    {
        "id": 620,
        "name": "아보덤 캣 내추럴 어덜트 인도어 헤어볼케어 1kg",
        "image": "https://mamacat.co.kr/web/product/big/201904/938efdd4621937673ae6fcb42fa8e9ac.jpg",
        "상품 간략설명": "성묘용 | 홀리스틱 (1350원/100g당)",
        "가격정책": "최저마진",
        "유통기한": "2022.09.19.",
        "사료등급": "홀리스틱",
        "정상 소비자가": "16,000원",
        "마마캣 판매가": "13,500원",
        "원산지": "미국",
        "사용 연령": "성묘용 (12개월 이상)",
        "100g 가격": "1350원",
        "포장단위별 용량, 수량": "1kg",
        "법에 의한 인증 및 허가": "사료관리법에 따른 수입신고를 필함",
        "원료구성": "순살 닭고기, 옥수수, 옥수수글루텐, 닭지방(천연 토코페롤과 비타민C로 처리), 현미, 귀리, 토마토박, 순살청어, 아보카도, 귀리겨, 콩섬유, 천연향, 달걀, 소금, 유청, 치커리뿌리, 염화칼륨, 비타민군, 나이아신, 판토텐산칼슘, 비타민A, 비타민C, 비타민B6 등",
        "성분구성": "조단백질 32.0%이상, 조지방 16.0%이상, 조섬유 6.5%이하, 타우린 0.15%이상, 마그네슘 0.11%이하, 아연 150mg/kg, 오메가-6 3.9%이상, 오메가-3 0.5%이상",
        "현재 재고 수량": "2개",
        "소비자 상담 전화": "마마캣 고객센터 (1544-6141)"
    },
    {
        "id": 621,
        "name": "아보덤 캣 내추럴 어덜트 인도어 헤어볼케어 2kg",
        "image": "https://mamacat.co.kr/web/product/big/201904/938efdd4621937673ae6fcb42fa8e9ac.jpg",
        "상품 간략설명": "성묘용 | 홀리스틱 (1271원/100g당)",
        "가격정책": "최저마진",
        "유통기한": "2022.05.15.",
        "사료등급": "홀리스틱",
        "정상 소비자가": "30,000원",
        "마마캣 판매가": "25,410원",
        "원산지": "미국",
        "사용 연령": "성묘용 (12개월 이상)",
        "100g 가격": "1271원",
        "포장단위별 용량, 수량": "2kg",
        "법에 의한 인증 및 허가": "사료관리법에 따른 수입신고를 필함",
        "원료구성": "순살 닭고기, 옥수수, 옥수수글루텐, 닭지방(천연 토코페롤과 비타민C로 처리), 현미, 귀리, 토마토박, 순살청어, 아보카도, 귀리겨, 콩섬유, 천연향, 달걀, 소금, 유청, 치커리뿌리, 염화칼륨, 비타민군, 나이아신, 판토텐산칼슘, 비타민A, 비타민C, 비타민B6 등",
        "성분구성": "조단백질 32.0%이상, 조지방 16.0%이상, 조섬유 6.5%이하, 타우린 0.15%이상, 마그네슘 0.11%이하, 아연 150mg/kg, 오메가-6 3.9%이상, 오메가-3 0.5%이상",
        "현재 재고 수량": "3개",
        "소비자 상담 전화": "마마캣 고객센터 (1544-6141)"
    },
    {
        "id": 622,
        "name": "아보덤 캣 내추럴 어덜트 인도어 헤어볼케어 5kg",
        "image": "https://mamacat.co.kr/web/product/big/201904/938efdd4621937673ae6fcb42fa8e9ac.jpg",
        "상품 간략설명": "성묘용 | 홀리스틱 (1258원/100g당)",
        "가격정책": "최저마진",
        "유통기한": "2022.05.30.",
        "사료등급": "홀리스틱",
        "정상 소비자가": "75,000원",
        "마마캣 판매가": "62,920원",
        "원산지": "미국",
        "사용 연령": "성묘용 (12개월 이상)",
        "100g 가격": "1258원",
        "100ml 가격": "1258원",
        "포장단위별 용량, 수량": "5kg",
        "법에 의한 인증 및 허가": "사료관리법에 따른 수입신고를 필함",
        "원료구성": "순살 닭고기, 옥수수, 옥수수글루텐, 닭지방(천연 토코페롤과 비타민C로 처리), 현미, 귀리, 토마토박, 순살청어, 아보카도, 귀리겨, 콩섬유, 천연향, 달걀, 소금, 유청, 치커리뿌리, 염화칼륨, 비타민군, 나이아신, 판토텐산칼슘, 비타민A, 비타민C, 비타민B6 등",
        "성분구성": "조단백질 32.0%이상, 조지방 16.0%이상, 조섬유 6.5%이하, 타우린 0.15%이상, 마그네슘 0.11%이하, 아연 150mg/kg, 오메가-6 3.9%이상, 오메가-3 0.5%이상",
        "현재 재고 수량": "2개",
        "소비자 상담 전화": "마마캣 고객센터 (1544-6141)"
    },
    {
        "id": 623,
        "name": "아보덤 캣 내추럴 어덜트 치킨&청어 1kg",
        "image": "https://mamacat.co.kr/web/product/big/201904/088c6a64386fc26f2ee9b24c3b6a82f1.jpg",
        "상품 간략설명": "성묘용 | 홀리스틱 (1350원/100g당)",
        "가격정책": "최저마진",
        "유통기한": "2022.09.19.",
        "사료등급": "홀리스틱",
        "정상 소비자가": "16,000원",
        "마마캣 판매가": "13,500원",
        "원산지": "미국",
        "사용 연령": "성묘용 (12개월 이상)",
        "100g 가격": "1350원",
        "포장단위별 용량, 수량": "1kg",
        "법에 의한 인증 및 허가": "사료관리법에 따른 수입신고를 필함",
        "원료구성": "순살 닭고기, 닭지방, 현미, 백미, 토마토박, 순살청어, 아보카도, 천연향, 계란, 치커리뿌리, 소금, 유청, 염화칼륨, 비타민군, 나이아신, 판토텐산 칼슘, 비타민A, 비타민C, 비타민B6, 비타민B1, 황산메나디온나트륨, 리보플라빈, 비타민B12 등",
        "성분구성": "조단백 32.0%이상, 조지방 20.0%이상, 마그네슘 0.11%이하, 조섬유 3.5%이하, 타우린 0.15%이상, 아연 150mg/kg, 오메가-6 4.0%이상, 오메가-3 0.86%이상",
        "현재 재고 수량": "2개",
        "소비자 상담 전화": "마마캣 고객센터 (1544-6141)"
    },
    {
        "id": 624,
        "name": "아보덤 캣 내추럴 어덜트 치킨&청어 5kg",
        "image": "https://mamacat.co.kr/web/product/big/201904/088c6a64386fc26f2ee9b24c3b6a82f1.jpg",
        "상품 간략설명": "성묘용 | 홀리스틱 (1258원/100g당)",
        "가격정책": "최저마진",
        "유통기한": "2022.01.01.",
        "사료등급": "홀리스틱",
        "정상 소비자가": "75,000원",
        "마마캣 판매가": "62,920원",
        "원산지": "미국",
        "사용 연령": "성묘용 (12개월 이상)",
        "100g 가격": "1258원",
        "포장단위별 용량, 수량": "5kg",
        "법에 의한 인증 및 허가": "사료관리법에 따른 수입신고를 필함",
        "원료구성": "순살 닭고기, 닭지방, 현미, 백미, 토마토박, 순살청어, 아보카도, 천연향, 계란, 치커리뿌리, 소금, 유청, 염화칼륨, 비타민군, 나이아신, 판토텐산 칼슘, 비타민A, 비타민C, 비타민B6, 비타민B1, 황산메나디온나트륨, 리보플라빈, 비타민B12 등",
        "성분구성": "조단백 32.0%이상, 조지방 20.0%이상, 마그네슘 0.11%이하, 조섬유 3.5%이하, 타우린 0.15%이상, 아연 150mg/kg, 오메가-6 4.0%이상, 오메가-3 0.86%이상",
        "현재 재고 수량": "1개",
        "소비자 상담 전화": "마마캣 고객센터 (1544-6141)"
    },
    {
        "id": 625,
        "name": "아카나 캣 와일드 프레이리 1.8kg",
        "image": "https://mamacat.co.kr/web/product/big/202103/2fb79823ecc56fef195dac316eba11f2.png",
        "상품 간략설명": "전연령 | 홀리스틱 (2277원/100g당)",
        "가격정책": "마마캣 회원등급 할인 상품",
        "유통기한": "2022.06.",
        "사료등급": "홀리스틱",
        "정상 소비자가": "43,000원",
        "마마캣 판매가": "41,000원",
        "가장 높은 회원등급 할인 적용시 구매가": "38,950원 (최대 2,050원 할인)",
        "원산지": "캐나다",
        "제조자 | 수입자": "Champion Pet Foods LP. | (주)두원실업",
        "사용 연령": "전연령 (3개월 이상)",
        "100g 가격": "2,277원",
        "포장단위별 용량, 수량": "1.8kg",
        "법에 의한 인증 및 허가": "사료관리법에 따른 수입신고를 필함",
        "원료구성": "신선한 닭고기, 신선한 칠면조고기, 신선한 닭 간, 닭고기(건조육), 칠면조고기(건조육), 청어(건조육), 강낭콩, 콩, 닭 지방, 붉은 렌틸콩, 병아리 콩, 녹색 렌틸콩, 신선한 통계란, 생 자연산 송어, 생 자연산 무지개 송어, 신선한 칠면조 내장육(간, 심장, 신장) 등",
        "성분구성": "조단백 36.0% 이상, 조지방 18.0% 이상, 조섬유 3.0% 이하, 조회분 9.0% 이하, 수분 10.0% 이하, 칼슘 1.6% 이상, 인 1.2% 이상",
        "현재 재고 수량": "19개",
        "소비자 상담 전화": "마마캣 고객센터 (1544-6141)",
        "제품 포장 유형": "통포장 (지퍼팩 있음)"
    },
    {
        "id": 626,
        "name": "아카나 캣 와일드 프레이리 4.5kg",
        "image": "https://mamacat.co.kr/web/product/big/202103/1211626ccc2ac434f02cb5c05c732031.png",
        "상품 간략설명": "전연령 | 홀리스틱 (1533원/100g당)",
        "가격정책": "마마캣 회원등급 할인 상품",
        "유통기한": "2022.06.",
        "사료등급": "홀리스틱",
        "정상 소비자가": "80,000원",
        "마마캣 판매가": "69,000원",
        "가장 높은 회원등급 할인 적용시 구매가": "65,550원 (최대 3,450원 할인)",
        "원산지": "캐나다",
        "제조자 | 수입자": "Champion Pet Foods LP. | (주)두원실업",
        "사용 연령": "전연령 (3개월 이상)",
        "100g 가격": "1,533원",
        "포장단위별 용량, 수량": "4.5kg",
        "법에 의한 인증 및 허가": "사료관리법에 따른 수입신고를 필함",
        "원료구성": "신선한 닭고기, 신선한 칠면조고기, 신선한 닭 간, 닭고기(건조육), 칠면조고기(건조육), 청어(건조육), 강낭콩, 콩, 닭 지방, 붉은 렌틸콩, 병아리 콩, 녹색 렌틸콩, 신선한 통계란, 생 자연산 송어, 생 자연산 무지개 송어, 신선한 칠면조 내장육(간, 심장, 신장) 등",
        "성분구성": "조단백 36.0% 이상, 조지방 18.0% 이상, 조섬유 3.0% 이하, 조회분 9.0% 이하, 수분 10.0% 이하, 칼슘 1.6% 이상, 인 1.2% 이상",
        "현재 재고 수량": "102개",
        "소비자 상담 전화": "마마캣 고객센터 (1544-6141)",
        "제품 포장 유형": "통포장 (지퍼팩 있음)"
    },
    {
        "id": 627,
        "name": "아카나 캣 패시피카 1.8kg",
        "image": "https://mamacat.co.kr/web/product/big/202103/ad341e9aa3cb2bac1d5dd1a3b8b7b577.png",
        "상품 간략설명": "전연령 | 홀리스틱 (2305원/100g당)",
        "가격정책": "마마캣 회원등급 할인 상품",
        "유통기한": "2022.04.",
        "사료등급": "홀리스틱",
        "정상 소비자가": "46,000원",
        "마마캣 판매가": "41,500원",
        "가장 높은 회원등급 할인 적용시 구매가": "39,430원 (최대 2,070원 할인)",
        "원산지": "캐나다",
        "제조자 | 수입자": "Champion Pet Foods LP. | (주)두원실업",
        "사용 연령": "전연령 (3개월 이상)",
        "100g 가격": "2,305원",
        "포장단위별 용량, 수량": "1.8kg",
        "법에 의한 인증 및 허가": "사료관리법에 따른 수입신고를 필함",
        "원료구성": "생 통 태평양 청어, 생 통 태평양 고등어, 생 통 메를루사, 청어(건조육), 대구(건조육), 건조 고등어, 강남콩, 콩, 자연산 생 가자미, 대구유, 붉은 렌틸콩, 병아리 콩, 녹색 렌틸콩, 생통 볼락, 렌틸 섬유질, 냉종 건조 대구 간, 건조된 켈프, 신선한 통 호박 등",
        "성분구성": "단백질 37.0%, 지방 18%, 조섬유 9%, 조회분 3%, 칼슘 1.2%, 인 0.9%, 마그네슘 0.1%, 타우린 0.1% 오메가-6 2%, 오메가3 2.2%, DHA 1.0%, EPA 0.8%",
        "현재 재고 수량": "12개",
        "소비자 상담 전화": "마마캣 고객센터 (1544-6141)",
        "제품 포장 유형": "통포장 (지퍼팩 있음)"
    },
    {
        "id": 628,
        "name": "아카나 캣 패시피카 4.5kg",
        "image": "https://mamacat.co.kr/web/product/big/202103/f16f4cde6abd1963fc29c6fa22e14105.png",
        "상품 간략설명": "전연령 | 홀리스틱 (1606원/100g당)",
        "가격정책": "마마캣 회원등급 할인 상품",
        "유통기한": "2022.06.",
        "사료등급": "홀리스틱",
        "정상 소비자가": "80,000원",
        "마마캣 판매가": "72,300원",
        "가장 높은 회원등급 할인 적용시 구매가": "68,690원 (최대 3,610원 할인)",
        "원산지": "캐나다",
        "제조자 | 수입자": "Champion Pet Foods LP. | (주)두원실업",
        "사용 연령": "전연령 (3개월 이상)",
        "100g 가격": "1,606원",
        "포장단위별 용량, 수량": "4.5kg",
        "법에 의한 인증 및 허가": "사료관리법에 따른 수입신고를 필함",
        "원료구성": "생 통 태평양 청어, 생 통 태평양 고등어, 생 통 메를루사, 청어(건조육), 대구(건조육), 건조 고등어, 강남콩, 콩, 자연산 생 가자미, 대구유, 붉은 렌틸콩, 병아리 콩, 녹색 렌틸콩, 생통 볼락, 렌틸 섬유질, 냉종 건조 대구 간, 건조된 켈프, 신선한 통 호박 등",
        "성분구성": "단백질 37.0%, 지방 18%, 조섬유 9%, 조회분 3%, 칼슘 1.2%, 인 0.9%, 마그네슘 0.1%, 타우린 0.1% 오메가-6 2%, 오메가3 2.2%, DHA 1.0%, EPA 0.8%",
        "현재 재고 수량": "17개",
        "소비자 상담 전화": "마마캣 고객센터 (1544-6141)",
        "제품 포장 유형": "통포장 (지퍼팩 있음)"
    },
    {
        "id": 629,
        "name": "알모네이쳐 HFC 내츄럴 캣 주식캔 6종 맛보기 70g × 6개",
        "image": "https://mamacat.co.kr/web/product/big/20191205/28015c4ad8cf41e86b8546dbbb3fd82d.jpg",
        "가격정책": "마마캣 회원등급 할인 상품",
        "정상 소비자가": "18,000원",
        "마마캣 판매가": "13,900원",
        "가장 높은 회원등급 할인 적용시 구매가": "13,210원 (최대 690원 할인)",
        "원산지": "태국",
        "사용 연령": "성묘용 추천",
        "100g 가격": "3,310원",
        "포장단위별 용량, 수량": "70g × 6개",
        "법에 의한 인증 및 허가": "사료관리법에 따른 수입신고를 필함",
        "원료구성": "각 상세페이지 참고",
        "성분구성": "각 상세페이지 참고",
        "현재 재고 수량": "17개",
        "소비자 상담 전화": "마마캣 고객센터 (1544-6141)"
    },
    {
        "id": 630,
        "name": "알모네이쳐 HFC 내츄럴 캣 주식캔 닭가슴살 70g",
        "image": "https://mamacat.co.kr/web/product/big/20191205/5f859d505f75dde45801a1f8000918a2.jpg",
        "가격정책": "마마캣 회원등급 할인 상품",
        "유통기한": "2024.02.24.",
        "정상 소비자가": "3,000원",
        "마마캣 판매가": "2,350원",
        "가장 높은 회원등급 할인 적용시 구매가": "2,240원 (최대 110원 할인)",
        "원산지": "태국",
        "사용 연령": "성묘용 추천",
        "100g 가격": "3,357원",
        "포장단위별 용량, 수량": "70g",
        "법에 의한 인증 및 허가": "사료관리법에 따른 수입신고를 필함",
        "원료구성": "닭가슴살 75% , 정제수 24% , 쌀 1%",
        "성분구성": "조단백질 13% 이상, 조지방 0.5% 이하, 조섬유 0.1% 이하, 조회분 1.0% 이하, 수분 79%",
        "현재 재고 수량": "66개",
        "소비자 상담 전화": "마마캣 고객센터 (1544-6141)"
    },
    {
        "id": 631,
        "name": "알모네이쳐 HFC 내츄럴 캣 주식캔 닭고기와 참치 70g",
        "image": "https://mamacat.co.kr/web/product/big/20191205/1056a1b9630cd3f5aa8f72d82f5cbc1d.jpg",
        "가격정책": "마마캣 회원등급 할인 상품",
        "유통기한": "2022.07.31",
        "정상 소비자가": "3,000원",
        "마마캣 판매가": "2,350원",
        "가장 높은 회원등급 할인 적용시 구매가": "2,240원 (최대 110원 할인)",
        "원산지": "태국",
        "사용 연령": "성묘용 추천",
        "100g 가격": "3,357원",
        "포장단위별 용량, 수량": "70g",
        "법에 의한 인증 및 허가": "사료관리법에 따른 수입신고를 필함",
        "원료구성": "참치살 27% ,닭고기살 48% , 정제수 24% , 쌀 1%",
        "성분구성": "조단백질 16% 이상, 조지방 0.5% 이하, 조섬유 0.1% 이하, 조회분 1.0% 이하, 수분 79%",
        "현재 재고 수량": "79개",
        "소비자 상담 전화": "마마캣 고객센터 (1544-6141)"
    },
    {
        "id": 632,
        "name": "알모네이쳐 HFC 내츄럴 캣 주식캔 닭고기와 참치와 치즈 70g",
        "image": "https://mamacat.co.kr/web/product/big/202011/f770486b0f6cfb3a1c5949ce78154cb5.jpg",
        "가격정책": "마마캣 회원등급 할인 상품",
        "유통기한": "2024.03.01.",
        "정상 소비자가": "3,000원",
        "마마캣 판매가": "2,350원",
        "가장 높은 회원등급 할인 적용시 구매가": "2,240원 (최대 110원 할인)",
        "원산지": "태국",
        "제조자 | 수입자": "HI-Q FOOD PRODUCTS CO.LTD | 밴앤커머스",
        "사용 연령": "성묘용 추천",
        "100g 가격": "3,357원",
        "포장단위별 용량, 수량": "70g",
        "법에 의한 인증 및 허가": "사료관리법에 따른 수입신고를 필함",
        "원료구성": "닭고기살, 참치살, 정제수, 치즈, 쌀",
        "성분구성": "조단백질 15.0%이상, 조지방 1.7%이상, 조섬유 0.04%이하, 조회분 1.5%이하, 수분 81.0%이하",
        "현재 재고 수량": "62개",
        "소비자 상담 전화": "마마캣 고객센터 (1544-6141)",
        "제품 보관방법": "직사광선이 없는 곳에 실온 보관"
    },
    {
        "id": 633,
        "name": "알모네이쳐 HFC 내츄럴 캣 주식캔 닭고기와 호박 70g",
        "image": "https://mamacat.co.kr/web/product/big/20191205/96353c9c8fdc9befe56223b02a2fb776.jpg",
        "가격정책": "마마캣 회원등급 할인 상품",
        "유통기한": "2023.10.15.",
        "정상 소비자가": "3,000원",
        "마마캣 판매가": "2,350원",
        "가장 높은 회원등급 할인 적용시 구매가": "2,240원 (최대 110원 할인)",
        "원산지": "태국",
        "사용 연령": "성묘용 추천",
        "100g 가격": "3,357원",
        "포장단위별 용량, 수량": "70g",
        "법에 의한 인증 및 허가": "사료관리법에 따른 수입신고를 필함",
        "원료구성": "닭고기살 70% ,호박 5% , 정제수 24% , 쌀 1%",
        "성분구성": "조단백질 13% 이상, 조지방 0.3% 이하, 조섬유 0.5% 이하, 조회분 1.0% 이하, 수분 81%",
        "현재 재고 수량": "67개",
        "소비자 상담 전화": "마마캣 고객센터 (1544-6141)"
    },
    {
        "id": 634,
        "name": "알모네이쳐 HFC 내츄럴 캣 주식캔 대서양참치 70g",
        "image": "https://mamacat.co.kr/web/product/big/20191205/327bdc68b8c1a7ad79425dfee24ffbf1.jpg",
        "가격정책": "마마캣 회원등급 할인 상품",
        "유통기한": "2023.02.28.",
        "정상 소비자가": "3,000원",
        "마마캣 판매가": "2,350원",
        "가장 높은 회원등급 할인 적용시 구매가": "2,240원 (최대 110원 할인)",
        "원산지": "태국",
        "사용 연령": "성묘용 추천",
        "100g 가격": "3,357원",
        "포장단위별 용량, 수량": "70g",
        "법에 의한 인증 및 허가": "사료관리법에 따른 수입신고를 필함",
        "원료구성": "참치살 75% , 정제수 24% , 쌀 1%",
        "성분구성": "조단백질 15% 이상, 조지방 0.5% 이하, 조섬유 0.5% 이하, 조회분 1.0% 이하, 수분 80%",
        "현재 재고 수량": "14개",
        "소비자 상담 전화": "마마캣 고객센터 (1544-6141)"
    },
    {
        "id": 635,
        "name": "알모네이쳐 HFC 내츄럴 캣 주식캔 참치와 뱅어 70g",
        "image": "https://mamacat.co.kr/web/product/big/20191205/6bd9b51d3d0dfd14137b8a99508076f7.jpg",
        "가격정책": "마마캣 회원등급 할인 상품",
        "유통기한": "2022.07.08.",
        "정상 소비자가": "3,000원",
        "마마캣 판매가": "2,350원",
        "가장 높은 회원등급 할인 적용시 구매가": "2,240원 (최대 110원 할인)",
        "원산지": "태국",
        "사용 연령": "성묘용 추천",
        "100g 가격": "3,357원",
        "포장단위별 용량, 수량": "70g",
        "법에 의한 인증 및 허가": "사료관리법에 따른 수입신고를 필함",
        "원료구성": "참치살 70% ,뱅어 5% , 정제수 24% , 쌀 1%",
        "성분구성": "조단백질 15% 이상, 조지방 0.5% 이하, 조섬유 0.1% 이하, 조회분 1.0% 이하, 수분 83%",
        "현재 재고 수량": "69개",
        "소비자 상담 전화": "마마캣 고객센터 (1544-6141)"
    },
    {
        "id": 636,
        "name": "알모네이쳐 HFC 내츄럴 캣 주식캔 참치와 새우 70g",
        "image": "https://mamacat.co.kr/web/product/big/20191205/d5d7384b6e0c28e0de99788188409ea3.jpg",
        "가격정책": "마마캣 회원등급 할인 상품",
        "유통기한": "2022.10.17.",
        "정상 소비자가": "3,000원",
        "마마캣 판매가": "2,350원",
        "가장 높은 회원등급 할인 적용시 구매가": "2,240원 (최대 110원 할인)",
        "원산지": "태국",
        "사용 연령": "성묘용 추천",
        "100g 가격": "3,357원",
        "포장단위별 용량, 수량": "70g",
        "법에 의한 인증 및 허가": "사료관리법에 따른 수입신고를 필함",
        "원료구성": "참치살 55% ,새우 20& , 정제수 24% , 쌀 1%",
        "성분구성": "조단백질 16% 이상, 조지방 0.5% 이하, 조섬유 0.1% 이하, 조회분 1.0% 이하, 수분 77%",
        "현재 재고 수량": "67개",
        "소비자 상담 전화": "마마캣 고객센터 (1544-6141)"
    },
    {
        "id": 637,
        "name": "알모네이쳐 HFC 내츄럴플러스 캣 주식 파우치 6종 맛보기 55g × 6개",
        "image": "https://mamacat.co.kr/web/product/big/202011/b22500f19f20de007af893d400e29027.png",
        "가격정책": "마마캣 회원등급 할인 상품",
        "유통기한": "각 제품의 상세페이지 참고",
        "정상 소비자가": "18,000원",
        "마마캣 판매가": "14,480원",
        "가장 높은 회원등급 할인 적용시 구매가": "13,760원 (최대 720원 할인)",
        "원산지": "태국",
        "제조자 | 수입자": "HFC | 알모네이쳐",
        "사용 연령": "성묘 추천",
        "100g 가격": "4,387원",
        "포장단위별 용량, 수량": "55g × 6개",
        "법에 의한 인증 및 허가": "사료관리법에 따른 수입신고를 필함",
        "원료구성": "각 상세페이지 참고",
        "성분구성": "상세페이지 참고",
        "현재 재고 수량": "10개",
        "소비자 상담 전화": "마마캣 고객센터 (1544-6141)",
        "제품 포장 유형": "비닐파우치",
        "제품 보관방법": "직사광선이 내리쬐지 않고 건조하며 서늘한 곳에 보관"
    },
    {
        "id": 638,
        "name": "알모네이쳐 HFC 내츄럴플러스 캣 주식 파우치 가다랑어 55g",
        "image": "https://mamacat.co.kr/web/product/big/202011/0b22531790b3cef7250c3c1f12fe100f.png",
        "가격정책": "마마캣 회원등급 할인 상품",
        "유통기한": "2023.01.04.",
        "정상 소비자가": "3,000원",
        "마마캣 판매가": "2,460원",
        "가장 높은 회원등급 할인 적용시 구매가": "2,340원 (최대 120원 할인)",
        "원산지": "태국",
        "제조자 | 수입자": "HFC | 알모네이쳐",
        "사용 연령": "성묘 추천",
        "100g 가격": "4,472원",
        "포장단위별 용량, 수량": "55g",
        "법에 의한 인증 및 허가": "사료관리법에 따른 수입신고를 필함",
        "원료구성": "가다랑어살 91%, 정제수 7.5%, 쌀 1.5%",
        "성분구성": "조단백질 22.1%이상, 조섬유 0.012%이하, 조지방 2.2%이하, 조회분 2.9%이하, 수분 80.6%이하",
        "현재 재고 수량": "40개",
        "소비자 상담 전화": "마마캣 고객센터 (1544-6141)",
        "제품 포장 유형": "비닐파우치",
        "제품 보관방법": "직사광선이 내리쬐지 않고 건조하며 서늘한 곳에 보관"
    },
    {
        "id": 639,
        "name": "알모네이쳐 HFC 내츄럴플러스 캣 주식 파우치 닭가슴살 55g",
        "image": "https://mamacat.co.kr/web/product/big/202010/b7b304d96cba37c779c15a7e8bef7ff4.png",
        "가격정책": "마마캣 회원등급 할인 상품",
        "유통기한": "2023.01.04.",
        "정상 소비자가": "3,000원",
        "마마캣 판매가": "2,460원",
        "가장 높은 회원등급 할인 적용시 구매가": "2,340원 (최대 120원 할인)",
        "원산지": "태국",
        "제조자 | 수입자": "HFC | 알모네이쳐",
        "사용 연령": "성묘 추천",
        "100g 가격": "4,472원",
        "포장단위별 용량, 수량": "55g",
        "법에 의한 인증 및 허가": "사료관리법에 따른 수입신고를 필함",
        "원료구성": "닭가슴살 98.5%, 쌀 1.5%",
        "성분구성": "조단백질 25.4%이상, 조섬유 0.012%이하, 조지방 1.1%이하, 조회분 2.9%이하, 수분 77.6%이하",
        "현재 재고 수량": "33개",
        "소비자 상담 전화": "마마캣 고객센터 (1544-6141)",
        "제품 포장 유형": "비닐파우치",
        "제품 보관방법": "직사광선이 내리쬐지 않고 건조하며 서늘한 곳에 보관"
    },
    {
        "id": 640,
        "name": "알모네이쳐 HFC 내츄럴플러스 캣 주식 파우치 닭다리살 55g",
        "image": "https://mamacat.co.kr/web/product/big/202010/43c5962ac35b07b6c6a10322a90ac6ec.png",
        "가격정책": "마마캣 회원등급 할인 상품",
        "유통기한": "2023.01.04.",
        "정상 소비자가": "3,000원",
        "마마캣 판매가": "2,460원",
        "가장 높은 회원등급 할인 적용시 구매가": "2,340원 (최대 120원 할인)",
        "원산지": "태국",
        "제조자 | 수입자": "HFC | 알모네이쳐",
        "사용 연령": "성묘 추천",
        "100g 가격": "4,472원",
        "포장단위별 용량, 수량": "55g",
        "법에 의한 인증 및 허가": "사료관리법에 따른 수입신고를 필함",
        "원료구성": "닭다리살 91%, 정제수 7.5%, 쌀 1.5%",
        "성분구성": "조단백질 19.3%이상, 조섬유 0.012%이하, 조지방 5.4%이하, 조회분 1.9%이하, 수분 83.6%이하",
        "현재 재고 수량": "33개",
        "소비자 상담 전화": "마마캣 고객센터 (1544-6141)",
        "제품 포장 유형": "비닐파우치",
        "제품 보관방법": "직사광선이 내리쬐지 않고 건조하며 서늘한 곳에 보관"
    },
    {
        "id": 641,
        "name": "알모네이쳐 HFC 내츄럴플러스 캣 주식 파우치 닭안심살 55g",
        "image": "https://mamacat.co.kr/web/product/big/202011/7579268622d79228ae22bd9e9e1dc4c3.png",
        "가격정책": "마마캣 회원등급 할인 상품",
        "유통기한": "2023.05.21.",
        "정상 소비자가": "3,000원",
        "마마캣 판매가": "2,460원",
        "가장 높은 회원등급 할인 적용시 구매가": "2,340원 (최대 120원 할인)",
        "원산지": "태국",
        "제조자 | 수입자": "HFC | 알모네이쳐",
        "사용 연령": "성묘 추천",
        "100g 가격": "4,472원",
        "포장단위별 용량, 수량": "55g",
        "법에 의한 인증 및 허가": "사료관리법에 따른 수입신고를 필함",
        "원료구성": "닭안심살 91% , 정제수 7.5% , 쌀 1.5%",
        "성분구성": "조단백질 26.2%이상, 조섬유 0.012%이하, 조지방 0.8%이하, 조회분 2.2%이하, 수분 86.5%이하",
        "현재 재고 수량": "71개",
        "소비자 상담 전화": "마마캣 고객센터 (1544-6141)",
        "제품 포장 유형": "비닐파우치",
        "제품 보관방법": "직사광선이 내리쬐지 않고 건조하며 서늘한 곳에 보관"
    },
    {
        "id": 642,
        "name": "알모네이쳐 HFC 내츄럴플러스 캣 주식 파우치 대서양참치 55g",
        "image": "https://mamacat.co.kr/web/product/big/202011/b41ba044ffb5278ebca3fb5d1c3ef99e.png",
        "가격정책": "마마캣 회원등급 할인 상품",
        "유통기한": "2023.01.04.",
        "정상 소비자가": "3,000원",
        "마마캣 판매가": "2,460원",
        "가장 높은 회원등급 할인 적용시 구매가": "2,340원 (최대 120원 할인)",
        "원산지": "태국",
        "제조자 | 수입자": "HFC | 알모네이쳐",
        "사용 연령": "성묘 추천",
        "100g 가격": "4,472원",
        "포장단위별 용량, 수량": "55g",
        "법에 의한 인증 및 허가": "사료관리법에 따른 수입신고를 필함",
        "원료구성": "참치살 91%, 정제수 7.5%, 쌀 1.5%",
        "성분구성": "조단백질 20.5%이상, 조섬유 0.012%이하, 조지방 3.5%이하, 조회분 3.6%이하, 수분 80.6%이하",
        "현재 재고 수량": "60개",
        "소비자 상담 전화": "마마캣 고객센터 (1544-6141)",
        "제품 포장 유형": "비닐파우치",
        "제품 보관방법": "직사광선이 내리쬐지 않고 건조하며 서늘한 곳에 보관"
    },
    {
        "id": 643,
        "name": "알모네이쳐 HFC 내츄럴플러스 캣 주식 파우치 정어리 55g",
        "image": "https://mamacat.co.kr/web/product/big/202011/72e9eb00f319f68b0fe797ef8addff3c.png",
        "가격정책": "마마캣 회원등급 할인 상품",
        "유통기한": "2023.01.04.",
        "정상 소비자가": "3,000원",
        "마마캣 판매가": "2,460원",
        "가장 높은 회원등급 할인 적용시 구매가": "2,340원 (최대 120원 할인)",
        "원산지": "태국",
        "제조자 | 수입자": "HFC | 알모네이쳐",
        "사용 연령": "성묘 추천",
        "100g 가격": "4,472원",
        "포장단위별 용량, 수량": "55g",
        "법에 의한 인증 및 허가": "사료관리법에 따른 수입신고를 필함",
        "원료구성": "정어리살 91%, 정제수 7.5%, 쌀 1.5%",
        "성분구성": "조단백질 18.7%이상, 조섬유 0.012%이하, 조지방 6.6%이하, 조회분 3.1%이하, 수분 85.5%이하",
        "현재 재고 수량": "29개",
        "소비자 상담 전화": "마마캣 고객센터 (1544-6141)",
        "제품 포장 유형": "비닐파우치",
        "제품 보관방법": "직사광선이 내리쬐지 않고 건조하며 서늘한 곳에 보관"
    },
    {
        "id": 644,
        "name": "알모네이쳐 HFC 미니푸드 3종 맛보기 3g × 3개",
        "image": "https://mamacat.co.kr/web/product/big/20191212/e7ac3352a8c289373a29bed780eab830.jpg",
        "가격정책": "마마캣 회원등급 할인 상품",
        "유통기한": "각 제품 상세페이지 참고",
        "정상 소비자가": "3,000원",
        "마마캣 판매가": "2,700원",
        "가장 높은 회원등급 할인 적용시 구매가": "2,570원 (최대 130원 할인)",
        "원산지": "태국",
        "제조자 | 수입자": "HFC | 알모네이쳐",
        "사용 연령": "전연령",
        "포장단위별 용량, 수량": "3g × 3개",
        "법에 의한 인증 및 허가": "사료관리법에 따른 수입신고를 필함",
        "원료구성": "상세페이지 참조",
        "성분구성": "상세페이지 참조",
        "현재 재고 수량": "16개",
        "소비자 상담 전화": "마마캣 고객센터 (1544-6141)"
    },
    {
        "id": 645,
        "name": "알모네이쳐 HFC 미니푸드 닭고기살 3g",
        "image": "https://mamacat.co.kr/web/product/big/20191212/3eee2beb17286c36c705d5cf99853b0d.jpg",
        "가격정책": "마마캣 회원등급 할인 상품",
        "유통기한": "2022.10.02.",
        "정상 소비자가": "1,000원",
        "마마캣 판매가": "980원",
        "가장 높은 회원등급 할인 적용시 구매가": "940원 (최대 40원 할인)",
        "원산지": "태국",
        "제조자 | 수입자": "HFC | 알모네이쳐",
        "사용 연령": "전연령",
        "포장단위별 용량, 수량": "3g × 3개",
        "법에 의한 인증 및 허가": "사료관리법에 따른 수입신고를 필함",
        "원료구성": "상세페이지 참조",
        "성분구성": "상세페이지 참조",
        "현재 재고 수량": "50개",
        "소비자 상담 전화": "마마캣 고객센터 (1544-6141)"
    },
    {
        "id": 646,
        "name": "알모네이쳐 HFC 미니푸드 연어살 3g",
        "image": "https://mamacat.co.kr/web/product/big/20191212/30b423fe630d1a67b160cc05335ea358.jpg",
        "가격정책": "마마캣 회원등급 할인 상품",
        "유통기한": "2022.05.25.",
        "정상 소비자가": "1,000원",
        "마마캣 판매가": "980원",
        "가장 높은 회원등급 할인 적용시 구매가": "940원 (최대 40원 할인)",
        "원산지": "태국",
        "제조자 | 수입자": "HFC | 알모네이쳐",
        "사용 연령": "전연령",
        "포장단위별 용량, 수량": "3g × 3개",
        "법에 의한 인증 및 허가": "사료관리법에 따른 수입신고를 필함",
        "원료구성": "상세페이지 참조",
        "성분구성": "상세페이지 참조",
        "현재 재고 수량": "95개",
        "소비자 상담 전화": "마마캣 고객센터 (1544-6141)"
    },
    {
        "id": 647,
        "name": "알모네이쳐 HFC 미니푸드 참치살 3g",
        "image": "https://mamacat.co.kr/web/product/big/20191212/81362d1376f8f51cb8ed913484ae3299.jpg",
        "가격정책": "마마캣 회원등급 할인 상품",
        "유통기한": "2022.05.25.",
        "정상 소비자가": "1,000원",
        "마마캣 판매가": "980원",
        "가장 높은 회원등급 할인 적용시 구매가": "940원 (최대 40원 할인)",
        "원산지": "태국",
        "제조자 | 수입자": "HFC | 알모네이쳐",
        "사용 연령": "전연령",
        "포장단위별 용량, 수량": "3g × 3개",
        "법에 의한 인증 및 허가": "사료관리법에 따른 수입신고를 필함",
        "원료구성": "상세페이지 참조",
        "성분구성": "상세페이지 참조",
        "현재 재고 수량": "33개",
        "소비자 상담 전화": "마마캣 고객센터 (1544-6141)"
    },
    {
        "id": 648,
        "name": "알모네이쳐 HFC 젤리 캣 주식캔 2종 맛보기 70g × 2개",
        "image": "https://mamacat.co.kr/web/product/big/20200410/e50095122f925db02a3a36b2716c6cbf.jpg",
        "가격정책": "마마캣 회원등급 할인 상품",
        "유통기한": "2022.03.22",
        "정상 소비자가": "6,000원",
        "마마캣 판매가": "4,640원",
        "가장 높은 회원등급 할인 적용시 구매가": "4,410원 (최대 230원 할인)",
        "원산지": "태국",
        "제조자 | 수입자": "HI-Q FOOD PRODUCTS CO.LTD | 밴앤커머스",
        "사용 연령": "성묘용 추천",
        "100g 가격": "3,314원",
        "포장단위별 용량, 수량": "70g × 2개",
        "법에 의한 인증 및 허가": "사료관리법에 따른 수입신고를 필함",
        "원료구성": "각 상세페이지 참조",
        "성분구성": "각 상세페이지 참조",
        "현재 재고 수량": "19개",
        "소비자 상담 전화": "마마캣 고객센터 (1544-6141)",
        "제품 보관방법": "직사광선이 없는 곳에 실온 보관"
    },
    {
        "id": 649,
        "name": "알모네이쳐 HFC 젤리 캣 주식캔 연어 70g",
        "image": "https://mamacat.co.kr/web/product/big/20200410/006df6a6d17f81171ec93af3ac1353c5.jpg",
        "가격정책": "마마캣 회원등급 할인 상품",
        "유통기한": "2023.12.04.",
        "정상 소비자가": "3,000원",
        "마마캣 판매가": "2,350원",
        "가장 높은 회원등급 할인 적용시 구매가": "2,240원 (최대 110원 할인)",
        "원산지": "태국",
        "제조자 | 수입자": "HI-Q FOOD PRODUCTS CO.LTD | 밴앤커머스",
        "사용 연령": "성묘용 추천",
        "100g 가격": "3,357원",
        "포장단위별 용량, 수량": "70g",
        "법에 의한 인증 및 허가": "사료관리법에 따른 수입신고를 필함",
        "원료구성": "연어, 정제수, 쌀",
        "성분구성": "조단백질 15.0%이상, 조지방 0.5%이상, 조섬유 0.5%이하, 조회분 1.0%이하, 수분 80.0%이하",
        "현재 재고 수량": "19개",
        "소비자 상담 전화": "마마캣 고객센터 (1544-6141)",
        "제품 보관방법": "직사광선이 없는 곳에 실온 보관"
    },
    {
        "id": 650,
        "name": "알모네이쳐 HFC 젤리 캣 주식캔 참치와 오징어 70g",
        "image": "https://mamacat.co.kr/web/product/big/20200410/6b53848bf33a5befc580bf3f33837957.jpg",
        "가격정책": "마마캣 회원등급 할인 상품",
        "유통기한": "2023.12.12.",
        "정상 소비자가": "3,000원",
        "마마캣 판매가": "2,350원",
        "가장 높은 회원등급 할인 적용시 구매가": "2,240원 (최대 110원 할인)",
        "원산지": "태국",
        "제조자 | 수입자": "HI-Q FOOD PRODUCTS CO.LTD | 밴앤커머스",
        "사용 연령": "성묘용 추천",
        "100g 가격": "3,357원",
        "포장단위별 용량, 수량": "70g",
        "법에 의한 인증 및 허가": "사료관리법에 따른 수입신고를 필함",
        "원료구성": "참치살, 오징어, 정제수, 쌀, 구아검, 염화칼륨, 카라기난",
        "성분구성": "조단백질 12.0%이상, 조지방 0.3%이상, 조섬유 0.15%이하, 조회분 1.5%이하, 수분 86.0%이하, 칼슘 0.01%이상",
        "현재 재고 수량": "37개",
        "소비자 상담 전화": "마마캣 고객센터 (1544-6141)",
        "제품 보관방법": "직사광선이 없는 곳에 실온 보관"
    },
    {
        "id": 651,
        "name": "알모네이쳐 HFC 키튼 주식캔 닭고기 70g",
        "image": "https://mamacat.co.kr/web/product/big/20200410/29191858b6e5ab485f87617732d39fdb.jpg",
        "가격정책": "마마캣 회원등급 할인 상품",
        "유통기한": "2024.01.30.",
        "정상 소비자가": "3,000원",
        "마마캣 판매가": "2,350원",
        "가장 높은 회원등급 할인 적용시 구매가": "2,240원 (최대 110원 할인)",
        "원산지": "태국",
        "제조자 | 수입자": "HI-Q FOOD PRODUCTS CO.LTD | 밴앤커머스",
        "사용 연령": "자묘용 (1세 이하)",
        "100g 가격": "3,357원",
        "포장단위별 용량, 수량": "70g",
        "법에 의한 인증 및 허가": "사료관리법에 따른 수입신고를 필함",
        "원료구성": "닭고기살, 해바라기씨오일, 닭간, 계란, 정제수, 치즈, 쌀",
        "성분구성": "조단백질 11.0%이상, 조지방 4.8%이상, 조섬유 0.3%이하, 조회분 1.0%이하, 수분 82.0%이하",
        "현재 재고 수량": "74개",
        "소비자 상담 전화": "마마캣 고객센터 (1544-6141)",
        "제품 보관방법": "직사광선이 없는 곳에 실온 보관"
    },
    {
        "id": 652,
        "name": "알모네이쳐 캣 홀리스틱 스낵 2종 맛보기 5g × 6개",
        "image": "https://mamacat.co.kr/web/product/big/20200617/1febd5f0805fff2d5d27d2dfefc4a44e.jpg",
        "가격정책": "마마캣 회원등급 할인 상품",
        "유통기한": "2021.12.",
        "정상 소비자가": "5,000원",
        "마마캣 판매가": "4,300원",
        "가장 높은 회원등급 할인 적용시 구매가": "4,090원 (최대 210원 할인)",
        "원산지": "태국",
        "제조자 | 수입자": "HI-Q FOOD PRODUCTS CO.LTD | 밴앤커머스",
        "사용 연령": "7개월 이상 추천",
        "100g 가격": "14,333원",
        "포장단위별 용량, 수량": "5g × 6개",
        "법에 의한 인증 및 허가": "사료관리법에 따른 수입신고를 필함",
        "원료구성": "각 제품의 상세페이지 참조",
        "성분구성": "각 제품의 상세페이지 참조",
        "현재 재고 수량": "5개",
        "소비자 상담 전화": "마마캣 고객센터 (1544-6141)"
    },
    {
        "id": 653,
        "name": "알모네이쳐 캣 홀리스틱 스낵 닭고기 5g × 3개",
        "image": "https://mamacat.co.kr/web/product/big/20200617/4fb8559242c2cd280a17aea9ab917423.jpg",
        "가격정책": "마마캣 회원등급 할인 상품",
        "유통기한": "2021.12.",
        "정상 소비자가": "2,500원",
        "마마캣 판매가": "2,200원",
        "가장 높은 회원등급 할인 적용시 구매가": "2,090원 (최대 110원 할인)",
        "원산지": "태국",
        "제조자 | 수입자": "HI-Q FOOD PRODUCTS CO.LTD | 밴앤커머스",
        "사용 연령": "7개월 이상 추천",
        "100g 가격": "14,666원",
        "포장단위별 용량, 수량": "5g × 3개",
        "법에 의한 인증 및 허가": "사료관리법에 따른 수입신고를 필함",
        "원료구성": "닭고기살, 쌀겨, 쌀, 효모추출액, 생선추출액, 난백분, 전란분, 닭간, 완두콩분, 퀴노아, 소폐, 미분, 계유, 소간, 타피오카 전분",
        "성분구성": "조단백질 23.0%이상, 조지방 2.5%이상, 조섬유 0.5%이하, 조회분 4.1%이하, 수분 54.0%이하, 인 0.3%이상, 칼슘 0.04%이하",
        "현재 재고 수량": "9개",
        "소비자 상담 전화": "마마캣 고객센터 (1544-6141)"
    },
    {
        "id": 654,
        "name": "알모네이쳐 캣 홀리스틱 스낵 닭고기 5g × 60개",
        "image": "https://mamacat.co.kr/web/product/big/20200617/0f0abfb6b2d2a1a93e39c3141282930b.jpg",
        "가격정책": "마마캣 회원등급 할인 상품",
        "유통기한": "2021.12.",
        "정상 소비자가": "50,000원",
        "마마캣 판매가": "38,000원",
        "가장 높은 회원등급 할인 적용시 구매가": "36,100원 (최대 1,900원 할인)",
        "원산지": "태국",
        "제조자 | 수입자": "HI-Q FOOD PRODUCTS CO.LTD | 밴앤커머스",
        "사용 연령": "7개월 이상 추천",
        "100g 가격": "12,666원",
        "포장단위별 용량, 수량": "5g × 60개",
        "법에 의한 인증 및 허가": "사료관리법에 따른 수입신고를 필함",
        "원료구성": "닭고기살, 쌀겨, 쌀, 효모추출액, 생선추출액, 난백분, 전란분, 닭간, 완두콩분, 퀴노아, 소폐, 미분, 계유, 소간, 타피오카 전분",
        "성분구성": "조단백질 23.0%이상, 조지방 2.5%이상, 조섬유 0.5%이하, 조회분 4.1%이하, 수분 54.0%이하, 인 0.3%이상, 칼슘 0.04%이하",
        "현재 재고 수량": "2개",
        "소비자 상담 전화": "마마캣 고객센터 (1544-6141)"
    },
    {
        "id": 655,
        "name": "알모네이쳐 캣 홀리스틱 스낵 참치 5g × 3개",
        "image": "https://mamacat.co.kr/web/product/big/20200617/008a8020d7ed8b521c11786532078912.jpg",
        "가격정책": "마마캣 회원등급 할인 상품",
        "유통기한": "2021.12.",
        "정상 소비자가": "2,500원",
        "마마캣 판매가": "2,200원",
        "가장 높은 회원등급 할인 적용시 구매가": "2,090원 (최대 110원 할인)",
        "원산지": "태국",
        "제조자 | 수입자": "HI-Q FOOD PRODUCTS CO.LTD | 밴앤커머스",
        "사용 연령": "7개월 이상 추천",
        "100g 가격": "14,666원",
        "포장단위별 용량, 수량": "5g × 3개",
        "법에 의한 인증 및 허가": "사료관리법에 따른 수입신고를 필함",
        "원료구성": "참치살, 닭고기살, 쌀겨, 쌀, 효모 추출액, 생선추출액, 난백분, 전란분, 완두콩분, 퀴노아, 소폐, 미분, 타피오카전분, 소간",
        "성분구성": "조단백질 23.5%이상, 조지방 2.3%이상, 조섬유 0.6%이하, 조회분 4.5%이하, 수분 51.0%이하, 인 0.35%이상, 칼슘 0.06%이하",
        "현재 재고 수량": "21개",
        "소비자 상담 전화": "마마캣 고객센터 (1544-6141)"
    },
    {
        "id": 656,
        "name": "알모네이쳐 캣 홀리스틱 스낵 참치 5g × 60개",
        "image": "https://mamacat.co.kr/web/product/big/20200617/89527617bb82e014d01c40a45310b384.jpg",
        "가격정책": "마마캣 회원등급 할인 상품",
        "유통기한": "2021.12.",
        "정상 소비자가": "50,000원",
        "마마캣 판매가": "38,000원",
        "가장 높은 회원등급 할인 적용시 구매가": "36,100원 (최대 1,900원 할인)",
        "원산지": "태국",
        "제조자 | 수입자": "HI-Q FOOD PRODUCTS CO.LTD | 밴앤커머스",
        "사용 연령": "7개월 이상 추천",
        "100g 가격": "12,666원",
        "포장단위별 용량, 수량": "5g × 60개",
        "법에 의한 인증 및 허가": "사료관리법에 따른 수입신고를 필함",
        "원료구성": "참치살, 닭고기살, 쌀겨, 쌀, 효모 추출액, 생선추출액, 난백분, 전란분, 완두콩분, 퀴노아, 소폐, 미분, 타피오카전분, 소간",
        "성분구성": "조단백질 23.5%이상, 조지방 2.3%이상, 조섬유 0.6%이하, 조회분 4.5%이하, 수분 51.0%이하, 인 0.35%이상, 칼슘 0.06%이하",
        "현재 재고 수량": "2개",
        "소비자 상담 전화": "마마캣 고객센터 (1544-6141)"
    },
    {
        "id": 657,
        "name": "어게인스트 더 그레인 캣 주식캔 쉬림프대디 새우&참치&연어 80g × 12개",
        "image": "https://mamacat.co.kr/web/product/big/20191212/098511a448bea0d60757876ed8e0e7f8.jpg",
        "가격정책": "마마캣 회원등급 할인 상품",
        "유통기한": "2022.12.",
        "정상 소비자가": "36,000원",
        "마마캣 판매가": "21,900원",
        "가장 높은 회원등급 할인 적용시 구매가": "20,810원 (최대 1,090원 할인)",
        "원산지": "태국",
        "제조자 | 수입자": "Grain Pet Food | 러브펫",
        "사용 연령": "4개월 이상 추천",
        "100g 가격": "2,281원",
        "포장단위별 용량, 수량": "80g × 12개",
        "법에 의한 인증 및 허가": "사료관리법에 따른 수입신고를 필함",
        "원료구성": "새우, 참치, 연어, 물, 인산삼칼슘, 야자오일, 카라기닌, 잔탄검, 타우린, 비타민 및 미네랄 등",
        "성분구성": "조단백 12.0% 이하, 조지방 2.0% 이하, 조섬유 1.0% 이하, 조회분 2.0% 이하, 인 0.25% 이하, 수분 82.0% 이하",
        "현재 재고 수량": "3개",
        "소비자 상담 전화": "마마캣 고객센터 (1544-6141)"
    },
    {
        "id": 658,
        "name": "어게인스트 더 그레인 캣 주식캔 쉬림프대디 새우&참치&연어 80g",
        "image": "https://mamacat.co.kr/web/product/big/20191212/33628bf317d44f620e712970308bc685.jpg",
        "가격정책": "마마캣 회원등급 할인 상품",
        "유통기한": "2022.12.",
        "정상 소비자가": "3,000원",
        "마마캣 판매가": "2,000원",
        "가장 높은 회원등급 할인 적용시 구매가": "1,900원 (최대 100원 할인)",
        "원산지": "태국",
        "제조자 | 수입자": "Grain Pet Food | 러브펫",
        "사용 연령": "4개월 이상 추천",
        "100g 가격": "2,500원",
        "포장단위별 용량, 수량": "80g",
        "법에 의한 인증 및 허가": "사료관리법에 따른 수입신고를 필함",
        "원료구성": "새우, 참치, 연어, 물, 인산삼칼슘, 야자오일, 카라기닌, 잔탄검, 타우린, 비타민 및 미네랄 등",
        "성분구성": "조단백 12.0% 이하, 조지방 2.0% 이하, 조섬유 1.0% 이하, 조회분 2.0% 이하, 인 0.25% 이하, 수분 82.0% 이하",
        "현재 재고 수량": "12개",
        "소비자 상담 전화": "마마캣 고객센터 (1544-6141)"
    },
    {
        "id": 659,
        "name": "어게인스트 더 그레인 캣 주식캔 치킨&메이플라워&순무 100g × 12개",
        "image": "https://mamacat.co.kr/web/product/big/20191212/57cff4be64062e9f7b15132c3d93a4c5.jpg",
        "가격정책": "마마캣 회원등급 할인 상품",
        "유통기한": "2022.03.",
        "정상 소비자가": "48,000원",
        "마마캣 판매가": "32,400원",
        "가장 높은 회원등급 할인 적용시 구매가": "30,780원 (최대 1,620원 할인)",
        "원산지": "태국",
        "사용 연령": "4개월 이상 추천",
        "100g 가격": "2,700원",
        "포장단위별 용량, 수량": "100g × 12개",
        "법에 의한 인증 및 허가": "사료관리법에 따른 수입신고를 필함",
        "원료구성": "치킨, 물, 순무, 인산삼칼슘, 야자오일, 타피오카, 잔탄검, 타우린, 비타민(비타민E, 니아신, 비타민A, 티아민질산염, 비타민D, 판토텐산, 리보플라빈, 염화콜린, 피리독신염산염, 엽산, 비오틴 등) 외",
        "성분구성": "수분 88%이하, 조단백 9.0%이상, 조지방 0.3%이상, 조섬유 0.5%이하, 조회분 2.0%이하, 인 0.2%이상",
        "현재 재고 수량": "13개",
        "소비자 상담 전화": "마마캣 고객센터 (1544-6141)"
    },
    {
        "id": 660,
        "name": "어게인스트 더 그레인 캣 주식캔 치킨&메이플라워&순무 100g",
        "image": "https://mamacat.co.kr/web/product/big/20191212/5479cd711d72502a5a4b7d8252fda790.jpg",
        "가격정책": "마마캣 회원등급 할인 상품",
        "유통기한": "2022.03.",
        "정상 소비자가": "4,000원",
        "마마캣 판매가": "3,000원",
        "가장 높은 회원등급 할인 적용시 구매가": "2,850원 (최대 150원 할인)",
        "원산지": "태국",
        "제조자 | 수입자": "Grain Pet Food | 러브펫",
        "사용 연령": "4개월 이상 추천",
        "100g 가격": "3,000원",
        "포장단위별 용량, 수량": "100g",
        "법에 의한 인증 및 허가": "사료관리법에 따른 수입신고를 필함",
        "원료구성": "치킨, 물, 순무, 인산삼칼슘, 야자오일, 타피오카, 잔탄검, 타우린, 비타민(비타민E, 니아신, 비타민A, 티아민질산염, 비타민D, 판토텐산, 리보플라빈, 염화콜린, 피리독신염산염, 엽산, 비오틴 등) 외",
        "성분구성": "수분 88%이하, 조단백 9.0%이상, 조지방 0.3%이상, 조섬유 0.5%이하, 조회분 2.0%이하, 인 0.2%이상",
        "현재 재고 수량": "12개",
        "소비자 상담 전화": "마마캣 고객센터 (1544-6141)"
    },
    {
        "id": 661,
        "name": "어게인스트 더 그레인 캣 주식캔 치킨&타이가지 100g × 12개",
        "image": "https://mamacat.co.kr/web/product/big/20191212/a682b0448bab10d4adf9bcf64a241fb8.jpg",
        "가격정책": "마마캣 회원등급 할인 상품",
        "유통기한": "2022.03.",
        "정상 소비자가": "48,000원",
        "마마캣 판매가": "32,400원",
        "가장 높은 회원등급 할인 적용시 구매가": "30,780원 (최대 1,620원 할인)",
        "원산지": "태국",
        "사용 연령": "4개월 이상 추천",
        "100g 가격": "2,700원",
        "포장단위별 용량, 수량": "100g × 12개",
        "법에 의한 인증 및 허가": "사료관리법에 따른 수입신고를 필함",
        "원료구성": "치킨, 물, 타이가지, 인산삼칼슘, 야자오일, 타피오카, 잔탄검, 타우린, 비타민(비타민E, 니아신, 비타민A, 티아민질산염, 비타민D, 판토텐산, 리보플라빈, 염화콜린, 피리독신염산염, 엽산, 비오틴, 비타민B12) 등",
        "성분구성": "수분 86%이하, 조단백 10%이상, 조지방 1%이상, 조섬유 0.5%이하, 조회분 2.0%이하, 인 0.2%이상",
        "현재 재고 수량": "12개",
        "소비자 상담 전화": "마마캣 고객센터 (1544-6141)"
    },
    {
        "id": 662,
        "name": "어게인스트 더 그레인 캣 주식캔 치킨&타이가지 100g",
        "image": "https://mamacat.co.kr/web/product/big/20191212/5df4d2bbc16b287546e3bd05feb54d45.jpg",
        "가격정책": "마마캣 회원등급 할인 상품",
        "유통기한": "2022.03.",
        "정상 소비자가": "4,000원",
        "마마캣 판매가": "3,000원",
        "가장 높은 회원등급 할인 적용시 구매가": "2,850원 (최대 150원 할인)",
        "원산지": "태국",
        "제조자 | 수입자": "Grain Pet Food | 러브펫",
        "사용 연령": "4개월 이상 추천",
        "100g 가격": "3,000원",
        "포장단위별 용량, 수량": "100g",
        "법에 의한 인증 및 허가": "사료관리법에 따른 수입신고를 필함",
        "원료구성": "치킨, 물, 타이가지, 인산삼칼슘, 야자오일, 타피오카, 잔탄검, 타우린, 비타민(비타민E, 니아신, 비타민A, 티아민질산염, 비타민D, 판토텐산, 리보플라빈, 염화콜린, 피리독신염산염, 엽산, 비오틴, 비타민B12) 등",
        "성분구성": "수분 86%이하, 조단백 10%이상, 조지방 1%이상, 조섬유 0.5%이하, 조회분 2.0%이하, 인 0.2%이상",
        "현재 재고 수량": "20개",
        "소비자 상담 전화": "마마캣 고객센터 (1544-6141)"
    },
    {
        "id": 663,
        "name": "어스본 홀리스틱 캣 와일드 씨 캐치 그레인프리 2kg",
        "image": "https://mamacat.co.kr/web/product/big/20191120/424183981bc948daab5e391b39686647.jpg",
        "상품 간략설명": "전연령 | 홀리스틱 (1575원/100g당)",
        "가격정책": "마마캣 회원등급 할인 상품",
        "유통기한": "2022.05.06.",
        "사료등급": "홀리스틱",
        "정상 소비자가": "45,000원",
        "마마캣 판매가": "31,500원",
        "가장 높은 회원등급 할인 적용시 구매가": "29,930원 (최대 1,570원 할인)",
        "원산지": "미국",
        "제조자 | 수입자": "Midwestern Pet Foods, lnc.ㅣ 모던펫",
        "사용 연령": "전연령 (3개월 이상)",
        "100g 가격": "1575원",
        "포장단위별 용량, 수량": "2kg",
        "법에 의한 인증 및 허가": "사료관리법에 따른 수입신고를 필함",
        "원료구성": "청어, 흰살생선, 완두콩, 완두콩 단백질, 완두콩 전분, 카놀라유, 계란, 천연향, 아마씨, 완두콩 섬유질, 사과, 블루베리, 크랜베리, 당근, 시금치, 타우린, L-라이신, DL-메티오닌, L-카르니틴, 베타-카로틴, 프로바이오틱스, 황산구리, 비타민A, 비타민D3, 비타민C 등",
        "성분구성": "조단백질 40.0%, 조지방 18.0%, 조회분 9.0%, 조섬유 2.5%, 수분 10.0%, 칼슘 1.8%, 인 1.25%, 마그네슘 0.1%, 열량 3,800kcal/kg",
        "현재 재고 수량": "18개",
        "소비자 상담 전화": "마마캣 고객센터 (1544-6141)",
        "제품 포장 유형": "통포장 (지퍼팩 있음)"
    },
    {
        "id": 664,
        "name": "어스본 홀리스틱 캣 와일드 씨 캐치 그레인프리 6kg",
        "image": "https://mamacat.co.kr/web/product/big/20191120/cec3b850c6d9e2f795f404c0d7835e89.jpg",
        "상품 간략설명": "전연령 | 홀리스틱 (949원/100g당)",
        "가격정책": "마마캣 회원등급 할인 상품",
        "유통기한": "2022.06.03.",
        "사료등급": "홀리스틱",
        "정상 소비자가": "80,000원",
        "마마캣 판매가": "56,940원",
        "가장 높은 회원등급 할인 적용시 구매가": "54,100원 (최대 2,840원 할인)",
        "원산지": "미국",
        "제조자 | 수입자": "Midwestern Pet Foods, lnc.ㅣ 모던펫",
        "사용 연령": "전연령 (3개월 이상)",
        "100g 가격": "949원",
        "포장단위별 용량, 수량": "6kg",
        "법에 의한 인증 및 허가": "사료관리법에 따른 수입신고를 필함",
        "원료구성": "청어, 흰살생선, 완두콩, 완두콩 단백질, 완두콩 전분, 카놀라유, 계란, 천연향, 아마씨, 완두콩 섬유질, 사과, 블루베리, 크랜베리, 당근, 시금치, 타우린, L-라이신, DL-메티오닌, L-카르니틴, 베타-카로틴, 프로바이오틱스, 황산구리, 비타민A, 비타민D3, 비타민C 등",
        "성분구성": "조단백질 40.0%, 조지방 18.0%, 조회분 9.0%, 조섬유 2.5%, 수분 10.0%, 칼슘 1.8%, 인 1.25%, 마그네슘 0.1%, 열량 3,800kcal/kg",
        "현재 재고 수량": "12개",
        "소비자 상담 전화": "마마캣 고객센터 (1544-6141)",
        "제품 포장 유형": "통포장 (지퍼팩 있음)"
    },
    {
        "id": 665,
        "name": "어스본 홀리스틱 캣 프리머티브 필라인 그레인프리 2kg",
        "image": "https://mamacat.co.kr/web/product/big/20191120/f8c4a400ce0fdf9433e7668d6c39c7d2.jpg",
        "상품 간략설명": "전연령 | 홀리스틱 (1575원/100g당)",
        "가격정책": "마마캣 회원등급 할인 상품",
        "유통기한": "2022.03.01",
        "사료등급": "홀리스틱",
        "정상 소비자가": "45,000원",
        "마마캣 판매가": "31,500원",
        "가장 높은 회원등급 할인 적용시 구매가": "29,930원 (최대 1,570원 할인)",
        "원산지": "미국",
        "제조자 | 수입자": "Midwestern Pet Foods, lnc.ㅣ 모던펫",
        "사용 연령": "전연령 (3개월 이상)",
        "100g 가격": "1575원",
        "포장단위별 용량, 수량": "2kg",
        "법에 의한 인증 및 허가": "사료관리법에 따른 수입신고를 필함",
        "원료구성": "닭고기, 완두콩, 닭고기지방, 완두콩 전분, 완두콩 단백질, 아마씨, 천연향, 완두콩 섬유질, 계란, 흰살생선, 사과, 블루베리, 크랜베리, 당근, 시금치, 타우린, L-라이신, DL-메티오닌, L-카르니틴, 베타-카로틴, 프로바이오틱스, 황산구리, 비타민A, 비타민D3 등",
        "성분구성": "조단백질 40.0%, 조지방 18.0%, 조회분 8.0%, 조섬유 2.5%, 수분 10.0%, 칼슘 1.7%, 인 1.1%, 마그네슘 0.1%, 열량 3,755kcal/kg",
        "현재 재고 수량": "8개",
        "소비자 상담 전화": "마마캣 고객센터 (1544-6141)",
        "제품 포장 유형": "통포장 (지퍼팩 있음)"
    },
    {
        "id": 666,
        "name": "어스본 홀리스틱 캣 프리머티브 필라인 그레인프리 6kg",
        "image": "https://mamacat.co.kr/web/product/big/20191120/303d58a4bac75f1c29843ca7c82d453c.jpg",
        "상품 간략설명": "전연령 | 홀리스틱 (949원/100g당)",
        "가격정책": "마마캣 회원등급 할인 상품",
        "유통기한": "2022.06.29.",
        "사료등급": "홀리스틱",
        "정상 소비자가": "75,000원",
        "마마캣 판매가": "56,940원",
        "가장 높은 회원등급 할인 적용시 구매가": "54,100원 (최대 2,840원 할인)",
        "원산지": "미국",
        "제조자 | 수입자": "Midwestern Pet Foods, lnc.ㅣ 모던펫",
        "사용 연령": "전연령 (3개월 이상)",
        "100g 가격": "949원",
        "포장단위별 용량, 수량": "6kg",
        "법에 의한 인증 및 허가": "사료관리법에 따른 수입신고를 필함",
        "원료구성": "닭고기, 완두콩, 닭고기지방, 완두콩 전분, 완두콩 단백질, 아마씨, 천연향, 완두콩 섬유질, 계란, 흰살생선, 사과, 블루베리, 크랜베리, 당근, 시금치, 타우린, L-라이신, DL-메티오닌, L-카르니틴, 베타-카로틴, 프로바이오틱스, 황산구리, 비타민A, 비타민D3 등",
        "성분구성": "조단백질 40.0%, 조지방 18.0%, 조회분 8.0%, 조섬유 2.5%, 수분 10.0%, 칼슘 1.7%, 인 1.1%, 마그네슘 0.1%, 열량 3,755kcal/kg",
        "현재 재고 수량": "14개",
        "소비자 상담 전화": "마마캣 고객센터 (1544-6141)",
        "제품 포장 유형": "통포장 (지퍼팩 있음)"
    },
    {
        "id": 667,
        "name": "오리젠 캣 6피쉬캣 1.8kg",
        "image": "https://mamacat.co.kr/web/product/big/20191120/398127e147a93c8182b2af29867610be.jpg",
        "상품 간략설명": "전연령 | 홀리스틱 (2389원/100g당)",
        "가격정책": "마마캣 회원등급 할인 상품",
        "유통기한": "2022.04.",
        "사료등급": "홀리스틱",
        "정상 소비자가": "50,000원",
        "마마캣 판매가": "42,700원",
        "가장 높은 회원등급 할인 적용시 구매가": "40,570원 (최대 2,130원 할인)",
        "원산지": "캐나다",
        "제조자 | 수입자": "Champion Pet Foods LP. | (주)두원실업(주)",
        "사용 연령": "전연령 (3개월 이상)",
        "100g 가격": "2389원",
        "포장단위별 용량, 수량": "1.8kg",
        "법에 의한 인증 및 허가": "사료관리법에 따른 수입신고를 필함",
        "원료구성": "정어리, 메를루사, 고등어, 가자미, 볼락, 렉스솔, 건조 고등어, 건조 청어, 건조 명태, 청어유, 알래스카 대구, 붉은 렌틸콩, 녹색 렌틸콩, 풋완두, 해바라기유, 정어리, 렌틸 섬유질, 병아리 콩, 호랑이 콩, 대구 간, 호박, 버터넛 스쿼시, 주키니, 파스닙, 당근 등",
        "성분구성": "조단백 42.0%이상, 조지방 20.0%이상, 조섬유 3.0%이하, 조회분 9%이하, 수분 10%이하, 칼슘 1.7%이상, 인 1.3%이하, 오메가6 2.1%, 오메가3 2.1%, 타우린 0.3%, 마그네슘 0.1%",
        "현재 재고 수량": "19개",
        "소비자 상담 전화": "마마캣 고객센터 (1544-6141)",
        "제품 포장 유형": "통포장"
    },
    {
        "id": 668,
        "name": "오리젠 캣 6피쉬캣 5.4kg",
        "image": "https://mamacat.co.kr/web/product/big/20191120/b40750f94ea9ff609fe1902ea35202ef.jpg",
        "상품 간략설명": "전연령 | 홀리스틱 (1600원/100g당)",
        "가격정책": "마마캣 회원등급 할인 상품",
        "유통기한": "2022.06.",
        "사료등급": "홀리스틱",
        "정상 소비자가": "113,000원",
        "마마캣 판매가": "86,400원",
        "가장 높은 회원등급 할인 적용시 구매가": "82,080원 (최대 4,320원 할인)",
        "원산지": "캐나다",
        "제조자 | 수입자": "Champion Pet Foods LP. | (주)두원실업(주)",
        "사용 연령": "전연령 (3개월 이상)",
        "100g 가격": "1600원",
        "포장단위별 용량, 수량": "5.4kg",
        "법에 의한 인증 및 허가": "사료관리법에 따른 수입신고를 필함",
        "원료구성": "정어리, 메를루사, 고등어, 가자미, 볼락, 렉스솔, 건조 고등어, 건조 청어, 건조 명태, 청어유, 알래스카 대구, 붉은 렌틸콩, 녹색 렌틸콩, 풋완두, 해바라기유, 정어리, 렌틸 섬유질, 병아리 콩, 호랑이 콩, 대구 간, 호박, 버터넛 스쿼시, 주키니, 파스닙, 당근 등",
        "성분구성": "조단백 42.0%이상, 조지방 20.0%이상, 조섬유 3.0%이하, 조회분 9%이하, 수분 10%이하, 칼슘 1.7%이상, 인 1.3%이하, 오메가6 2.1%, 오메가3 2.1%, 타우린 0.3%, 마그네슘 0.1%",
        "현재 재고 수량": "22개",
        "소비자 상담 전화": "마마캣 고객센터 (1544-6141)",
        "제품 포장 유형": "통포장"
    },
    {
        "id": 669,
        "name": "오리젠 캣 캣앤키튼 1.8kg",
        "image": "https://mamacat.co.kr/web/product/big/20191120/d7d7d6a16c64abe6ab04031972a54b1a.jpg",
        "상품 간략설명": "전연령 | 홀리스틱 (2216원/100g당)",
        "가격정책": "마마캣 회원등급 할인 상품",
        "유통기한": "2022.03",
        "사료등급": "홀리스틱",
        "정상 소비자가": "42,000원",
        "마마캣 판매가": "39,900원",
        "가장 높은 회원등급 할인 적용시 구매가": "37,910원 (최대 1,990원 할인)",
        "원산지": "캐나다",
        "제조자 | 수입자": "Champion Pet Foods LP. | (주)두원실업(주)",
        "사용 연령": "전연령 (3개월 이상)",
        "100g 가격": "2216원",
        "포장단위별 용량, 수량": "1.8kg",
        "법에 의한 인증 및 허가": "사료관리법에 따른 수입신고를 필함",
        "원료구성": "뼈를 발라낸 닭고기, 뼈를 발라낸 칠면조고기, 통계란, 닭 간, 가자미, 태평양 청어, 칠면조 간, 닭 심장, 칠면조 심장, 닭목, 닭고기 건조육, 칠면조고기 건조육, 고등어, 정어리, 청어, 닭 지방, 붉은 렌틸콩, 풋완두, 녹색렌틸콩, 병아리 콩, 렌틸 섬유질 등",
        "성분구성": "조단백 40.0%이상, 조지방 20.0%이상, 조섬유 3%이하, 조회분 8%이하, 칼슘 1.4%이상, 인 1.1%이하, 오메가6 3.1%, 오메가3 1%, 타우린 0.2%, 마그네슘 0.1%",
        "현재 재고 수량": "17개",
        "소비자 상담 전화": "마마캣 고객센터 (1544-6141)",
        "제품 포장 유형": "통포장"
    },
    {
        "id": 670,
        "name": "오리젠 캣 캣앤키튼 5.4kg",
        "image": "https://mamacat.co.kr/web/product/big/20191120/be9b8fc65fb11cfa37681a135c28e16a.jpg",
        "상품 간략설명": "전연령 | 홀리스틱 (1459원/100g당)",
        "가격정책": "마마캣 회원등급 할인 상품",
        "유통기한": "2022.08.",
        "사료등급": "홀리스틱",
        "정상 소비자가": "83,000원",
        "마마캣 판매가": "78,800원",
        "가장 높은 회원등급 할인 적용시 구매가": "74,860원 (최대 3,940원 할인)",
        "원산지": "캐나다",
        "제조자 | 수입자": "Champion Pet Foods LP. | (주)두원실업(주)",
        "사용 연령": "전연령 (3개월 이상)",
        "100g 가격": "1459원",
        "포장단위별 용량, 수량": "5.4kg",
        "법에 의한 인증 및 허가": "사료관리법에 따른 수입신고를 필함",
        "원료구성": "뼈를 발라낸 닭고기, 뼈를 발라낸 칠면조고기, 통계란, 닭 간, 가자미, 태평양 청어, 칠면조 간, 닭 심장, 칠면조 심장, 닭목, 닭고기 건조육, 칠면조고기 건조육, 고등어, 정어리, 청어, 닭 지방, 붉은 렌틸콩, 풋완두, 녹색렌틸콩, 병아리 콩, 렌틸 섬유질 등",
        "성분구성": "조단백 40.0%이상, 조지방 20.0%이상, 조섬유 3%이하, 조회분 8%이하, 칼슘 1.4%이상, 인 1.1%이하, 오메가6 3.1%, 오메가3 1%, 타우린 0.2%, 마그네슘 0.1%",
        "현재 재고 수량": "57개",
        "소비자 상담 전화": "마마캣 고객센터 (1544-6141)",
        "제품 포장 유형": "통포장"
    },
    {
        "id": 671,
        "name": "오리젠 캣 피트앤트림 1.8kg",
        "image": "https://mamacat.co.kr/web/product/big/20191120/a26072c6a8bce9cdd9aafd11c4ad4959.jpg",
        "상품 간략설명": "전연령 | 홀리스틱 (2216원/100g당)",
        "가격정책": "마마캣 회원등급 할인 상품",
        "유통기한": "2022.06.18.",
        "사료등급": "홀리스틱",
        "정상 소비자가": "52,000원",
        "마마캣 판매가": "39,900원",
        "가장 높은 회원등급 할인 적용시 구매가": "37,910원 (최대 1,990원 할인)",
        "원산지": "캐나다",
        "제조자 | 수입자": "Champion Pet Foods LP. | (주)두원실업(주)",
        "사용 연령": "전연령 (3개월 이상)",
        "100g 가격": "2216원",
        "포장단위별 용량, 수량": "1.8kg",
        "법에 의한 인증 및 허가": "사료관리법에 따른 수입신고를 필함",
        "원료구성": "닭고기, 달걀, 청어, 칠면조 살코기, 닭 간, 가자미, 고등어, 메를루사, 칠면조 간, 닭 심장, 닭고기 건조육, 칠면조 건조육, 고등어, 정어리, 청어, 알래스카 명태, 렌틸 섬유질, 붉은 렌틸콩, 녹색 렌틸콩, 풋완두, 병아리콩, 호랑이 콩, 강낭콩, 닭 연골 등",
        "성분구성": "조단백 44.0%이상, 조지방 15.0%이상, 조섬유 6%이하, 조회분 10%이하, 수분 10%이하, 칼슘 1.4%이상, 인 1.1%이하, 오메가6 2.4%, 오메가3 1%, 타우린 0.2%, 마그네슘 0.1%",
        "현재 재고 수량": "29개",
        "소비자 상담 전화": "마마캣 고객센터 (1544-6141)",
        "제품 포장 유형": "통포장"
    },
    {
        "id": 672,
        "name": "오리젠 캣 피트앤트림 5.4kg",
        "image": "https://mamacat.co.kr/web/product/big/20191120/c8227ccc5c349b2571984bc842dd8c05.jpg",
        "상품 간략설명": "전연령 | 홀리스틱 (1459원/100g당)",
        "가격정책": "마마캣 회원등급 할인 상품",
        "유통기한": "2022.04.",
        "사료등급": "홀리스틱",
        "정상 소비자가": "91,000원",
        "마마캣 판매가": "78,800원",
        "가장 높은 회원등급 할인 적용시 구매가": "74,860원 (최대 3,940원 할인)",
        "원산지": "캐나다",
        "제조자 | 수입자": "Champion Pet Foods LP. | (주)두원실업(주)",
        "사용 연령": "전연령 (3개월 이상)",
        "100g 가격": "1459원",
        "포장단위별 용량, 수량": "5.4kg",
        "법에 의한 인증 및 허가": "사료관리법에 따른 수입신고를 필함",
        "원료구성": "닭고기, 달걀, 청어, 칠면조 살코기, 닭 간, 가자미, 고등어, 메를루사, 칠면조 간, 닭 심장, 닭고기 건조육, 칠면조 건조육, 고등어, 정어리, 청어, 알래스카 명태, 렌틸 섬유질, 붉은 렌틸콩, 녹색 렌틸콩, 풋완두, 병아리콩, 호랑이 콩, 강낭콩, 닭 연골 등",
        "성분구성": "조단백 44.0%이상, 조지방 15.0%이상, 조섬유 6%이하, 조회분 10%이하, 수분 10%이하, 칼슘 1.4%이상, 인 1.1%이하, 오메가6 2.4%, 오메가3 1%, 타우린 0.2%, 마그네슘 0.1%",
        "현재 재고 수량": "20개",
        "소비자 상담 전화": "마마캣 고객센터 (1544-6141)",
        "제품 포장 유형": "통포장"
    },
    {
        "id": 673,
        "name": "오븐베이키드 캣 그레인프리 치킨 1.13kg",
        "image": "https://mamacat.co.kr/web/product/big/20191120/2c3243be92c7387c91cc69bdce2c4e9f.jpg",
        "상품 간략설명": "전연령 | 홀리스틱 (1195원/100g당)",
        "가격정책": "최저마진",
        "유통기한": "2022.04.15.",
        "사료등급": "홀리스틱",
        "정상 소비자가": "20,000원",
        "마마캣 판매가": "13,500원",
        "원산지": "캐나다",
        "제조자 | 수입자": "(주)굿프랜드",
        "사용 연령": "전연령 (3개월 이상)",
        "100g 가격": "1195원",
        "포장단위별 용량, 수량": "1.13kg",
        "법에 의한 인증 및 허가": "사료관리법에 따른 수입신고를 필함",
        "원료구성": "신선한 닭의 살코기, 건조 닭고기, 건조 완두콩, 어분, 완두콩 단백질, 계유, 신선한 닭의 간, 천연 풍미, 신선한 생선, 분말 사탕무, 호박, 아마씨 가루, 황산칼슘, 이눌린, 염화콜린, 타우린, 건조 해조류, 알파파, 글루코사민 염산염, 녹차 추출물 등",
        "성분구성": "조단백 42.0%이상, 조지방 20.0%이상, 조회분 8.5%이하, 조섬유 3.0%이하, 칼슘 1.0%이상, 인 0.8%이상, 수분 10.0%이하",
        "현재 재고 수량": "7개",
        "소비자 상담 전화": "마마캣 고객센터 (1544-6141)",
        "제품 포장 유형": "통포장 (지퍼팩 있음)"
    },
    {
        "id": 674,
        "name": "오븐베이키드 캣 그레인프리 치킨 4.53kg",
        "image": "https://mamacat.co.kr/web/product/big/20191120/b10b79272afdb9eb4bd659a0fe2a944b.jpg",
        "상품 간략설명": "전연령 | 홀리스틱 (1125원/100g당)",
        "가격정책": "최저마진",
        "유통기한": "2022.05.21.",
        "사료등급": "홀리스틱",
        "정상 소비자가": "59,000원",
        "마마캣 판매가": "50,940원",
        "원산지": "캐나다",
        "제조자 | 수입자": "(주)굿프랜드",
        "사용 연령": "전연령 (3개월 이상)",
        "100g 가격": "1125원",
        "포장단위별 용량, 수량": "4.53kg",
        "법에 의한 인증 및 허가": "사료관리법에 따른 수입신고를 필함",
        "원료구성": "신선한 닭의 살코기, 건조 닭고기, 건조 완두콩, 어분, 완두콩 단백질, 계유, 신선한 닭의 간, 천연 풍미, 신선한 생선, 분말 사탕무, 호박, 아마씨 가루, 황산칼슘, 이눌린, 염화콜린, 타우린, 건조 해조류, 알파파, 글루코사민 염산염, 녹차 추출물 등",
        "성분구성": "조단백 42.0%이상, 조지방 20.0%이상, 조회분 8.5%이하, 조섬유 3.0%이하, 칼슘 1.0%이상, 인 0.8%이상, 수분 10.0%이하",
        "현재 재고 수량": "2개",
        "소비자 상담 전화": "마마캣 고객센터 (1544-6141)",
        "제품 포장 유형": "통포장 (지퍼팩 있음)"
    },
    {
        "id": 675,
        "name": "오븐베이키드 캣 그레인프리 피쉬 2.26kg",
        "image": "https://mamacat.co.kr/web/product/big/20191120/9b73d11e3c4e6aaf88c3ab9fba07a9cc.jpg",
        "상품 간략설명": "전연령 | 홀리스틱 (1106원/100g당)",
        "가격정책": "최저마진",
        "유통기한": "2022.01.15.",
        "사료등급": "홀리스틱",
        "정상 소비자가": "33,000원",
        "마마캣 판매가": "25,000원",
        "원산지": "캐나다",
        "제조자 | 수입자": "(주)굿프랜드",
        "사용 연령": "전연령 (3개월 이상)",
        "100g 가격": "1106원",
        "포장단위별 용량, 수량": "2.26kg",
        "법에 의한 인증 및 허가": "사료관리법에 따른 수입신고를 필함",
        "원료구성": "신선한 생선, 어분, 현미가루, 보리가루, 오트밀, 토코페롤과 구연산 혼합물을 포함한 카놀라유, 말린 비트과육, 호박, 건조 달걀, 양조 효모, 통아마씨 가루, 인산 이칼슘, 연어오일, 당근, 고구마, 사과, 블루베리, 시금치, 염화칼륨, 프리바이오틱스, 황산칼슘 등",
        "성분구성": "조단백 36%이상, 조지방 18%이상, 칼슘 1%이상, 조섬유 3%이하, 조회분 7.5%이하, 인 0.8%이상, 수분 10%이하",
        "현재 재고 수량": "3개",
        "소비자 상담 전화": "마마캣 고객센터 (1544-6141)",
        "제품 포장 유형": "통포장 (지퍼팩 있음)"
    },
    {
        "id": 676,
        "name": "오븐베이키드 캣 그레인프리 피쉬 4.53kg",
        "image": "https://mamacat.co.kr/web/product/big/20191120/50b9e4bb7ad8b7bd327c25050f1299b6.jpg",
        "상품 간략설명": "전연령 | 홀리스틱 (1102원/100g당)",
        "가격정책": "최저마진",
        "유통기한": "2021.10.15.",
        "사료등급": "홀리스틱",
        "정상 소비자가": "59,000원",
        "마마캣 판매가": "49,940원",
        "원산지": "캐나다",
        "제조자 | 수입자": "(주)굿프랜드",
        "사용 연령": "전연령 (3개월 이상)",
        "100g 가격": "1102원",
        "포장단위별 용량, 수량": "4.53kg",
        "법에 의한 인증 및 허가": "사료관리법에 따른 수입신고를 필함",
        "원료구성": "신선한 생선, 어분, 현미가루, 보리가루, 오트밀, 토코페롤과 구연산 혼합물을 포함한 카놀라유, 말린 비트과육, 호박, 건조 달걀, 양조 효모, 통아마씨 가루, 인산 이칼슘, 연어오일, 당근, 고구마, 사과, 블루베리, 시금치, 염화칼륨, 프리바이오틱스, 황산칼슘 등",
        "성분구성": "조단백 36%이상, 조지방 18%이상, 칼슘 1%이상, 조섬유 3%이하, 조회분 7.5%이하, 인 0.8%이상, 수분 10%이하",
        "현재 재고 수량": "2개",
        "소비자 상담 전화": "마마캣 고객센터 (1544-6141)",
        "제품 포장 유형": "통포장 (지퍼팩 있음)"
    },
    {
        "id": 677,
        "name": "오쥬 바이 로우즈 캣 습식파우치 5종 맛보기 69g × 5개",
        "image": "https://mamacat.co.kr/web/product/big/20191127/0f293f88da4bc650da5a781c919b728e.jpg",
        "가격정책": "마마캣 회원등급 할인 상품",
        "유통기한": "2022.09.30",
        "정상 소비자가": "17,500원",
        "마마캣 판매가": "15,630원",
        "가장 높은 회원등급 할인 적용시 구매가": "14,850원 (최대 780원 할인)",
        "원산지": "미국",
        "제조자 | 수입자": "Rawz Natural Pet Food | (주)에이펙스",
        "사용 연령": "전연령 (2개월 이상)",
        "100g 가격": "4,565원",
        "포장단위별 용량, 수량": "69g × 5개",
        "법에 의한 인증 및 허가": "사료관리법에 따른 수입신고를 필함",
        "원료구성": "닭고기,닭고기 육수,호박,당근,타피오카 전분,미네랄,해바라기씨 오일,생선 오일,인산칼륨,염화 칼슘,비타민,파슬리,염화콜린,타우린,염화칼륨,소금",
        "성분구성": "조단백질 11.0%,조지방 1.50%,조섬유질 1.50%,조회분 2.00%,수분 82.00%,칼슘 0.30%,인 0.15%",
        "색상": "주황색",
        "현재 재고 수량": "24개",
        "소비자 상담 전화": "마마캣 고객센터 (1544-6141)"
    },
    {
        "id": 678,
        "name": "오쥬 바이 로우즈 캣 습식파우치 참치&고등어 69g",
        "image": "https://mamacat.co.kr/web/product/big/20191127/98c3135e8a950acada860662334428ce.jpg",
        "가격정책": "마마캣 회원등급 할인 상품",
        "유통기한": "2022.10.02",
        "정상 소비자가": "3,500원",
        "마마캣 판매가": "3,150원",
        "가장 높은 회원등급 할인 적용시 구매가": "3,000원 (최대 150원 할인)",
        "원산지": "미국",
        "제조자 | 수입자": "Rawz Natural Pet Food | (주)에이펙스",
        "사용 연령": "전연령 (2개월 이상)",
        "100g 가격": "5,072원",
        "포장단위별 용량, 수량": "69g",
        "법에 의한 인증 및 허가": "사료관리법에 따른 수입신고를 필함",
        "원료구성": "닭고기,닭고기 육수,타피오카 전분,호박,당근,해바라기씨 오일,미네랄,염화칼슘,인산칼륨,생선 오일,비타민,파슬리,염화콜린,소금,타우린,염화칼륨",
        "성분구성": "조단백질 11.0%,조지방 1.50%,조섬유질 1.50%,조회분 2.00%,수분 82.00%,칼슘 0.30%,인 0.15%",
        "색상": "파란색",
        "현재 재고 수량": "87개",
        "소비자 상담 전화": "마마캣 고객센터 (1544-6141)"
    },
    {
        "id": 679,
        "name": "오쥬 바이 로우즈 캣 습식파우치 참치&연어 69g",
        "image": "https://mamacat.co.kr/web/product/big/20191127/8693b66568618b3b9b904081b9c7831b.jpg",
        "가격정책": "마마캣 회원등급 할인 상품",
        "유통기한": "2022.10.02",
        "정상 소비자가": "3,500원",
        "마마캣 판매가": "3,150원",
        "가장 높은 회원등급 할인 적용시 구매가": "3,000원 (최대 150원 할인)",
        "원산지": "미국",
        "제조자 | 수입자": "Rawz Natural Pet Food | (주)에이펙스",
        "사용 연령": "전연령 (2개월 이상)",
        "100g 가격": "5,072원",
        "포장단위별 용량, 수량": "69g",
        "법에 의한 인증 및 허가": "사료관리법에 따른 수입신고를 필함",
        "원료구성": "참치,생선육수,연어,타피오카 전분,미네랄,해바라기씨 오일,생선 오일,인산칼륨,염화 칼슘,비타민,파슬리,염화콜린,타우린,염화칼륨,소금",
        "성분구성": "조단백질 11.0%,조지방 1.50%,조섬유질 1.50%,조회분 2.00%,수분 82.00%,칼슘 0.30%,인 0.15%",
        "색상": "분홍색",
        "현재 재고 수량": "78개",
        "소비자 상담 전화": "마마캣 고객센터 (1544-6141)"
    },
    {
        "id": 680,
        "name": "오쥬 바이 로우즈 캣 습식파우치 치킨 가슴살&오리 69g",
        "image": "https://mamacat.co.kr/web/product/big/20191127/8ae7be459902c470aaa650e3a1a5e5e3.jpg",
        "가격정책": "마마캣 회원등급 할인 상품",
        "유통기한": "2022.10.02",
        "정상 소비자가": "3,500원",
        "마마캣 판매가": "3,150원",
        "가장 높은 회원등급 할인 적용시 구매가": "3,000원 (최대 150원 할인)",
        "원산지": "미국",
        "제조자 | 수입자": "Rawz Natural Pet Food | (주)에이펙스",
        "사용 연령": "전연령 (2개월 이상)",
        "100g 가격": "5,072원",
        "포장단위별 용량, 수량": "69g",
        "법에 의한 인증 및 허가": "사료관리법에 따른 수입신고를 필함",
        "원료구성": "닭고기,닭고기 육수,오리,타피오카 전분,미네랄,해바라기씨 오일,생선 오일,인산칼륨,염화 칼슘,비타민,파슬리,염화콜린,타우린,염화칼륨,소금",
        "성분구성": "조단백질 11.0%,조지방 1.50%,조섬유질 1.50%,조회분 2.00%,수분 82.00%,칼슘 0.30%,인 0.15%",
        "색상": "보라색",
        "현재 재고 수량": "105개",
        "소비자 상담 전화": "마마캣 고객센터 (1544-6141)"
    },
    {
        "id": 681,
        "name": "오쥬 바이 로우즈 캣 습식파우치 치킨 가슴살&치킨간 69g",
        "image": "https://mamacat.co.kr/web/product/big/20191127/e1f57ee4f81d7a7c40b93e154d62a8a4.jpg",
        "가격정책": "마마캣 회원등급 할인 상품",
        "유통기한": "2022.09.30",
        "정상 소비자가": "3,500원",
        "마마캣 판매가": "3,150원",
        "가장 높은 회원등급 할인 적용시 구매가": "3,000원 (최대 150원 할인)",
        "원산지": "미국",
        "제조자 | 수입자": "Rawz Natural Pet Food | (주)에이펙스",
        "사용 연령": "전연령 (2개월 이상)",
        "100g 가격": "5,072원",
        "포장단위별 용량, 수량": "69g",
        "법에 의한 인증 및 허가": "사료관리법에 따른 수입신고를 필함",
        "원료구성": "닭고기,닭고기 육수,닭고기 간,타피오카 전분,미네랄,해바라기씨 오일,생선 오일,인산칼륨,염화 칼슘,비타민,파슬리,염화콜린,타우린,염화칼륨,소금",
        "성분구성": "조단백질 11.0%,조지방 1.50%,조섬유질 1.50%,조회분 2.00%,수분 82.00%,칼슘 0.30%,인 0.15%",
        "색상": "초록색",
        "현재 재고 수량": "103개",
        "소비자 상담 전화": "마마캣 고객센터 (1544-6141)"
    },
    {
        "id": 682,
        "name": "오쥬 바이 로우즈 캣 습식파우치 치킨 가슴살&호박 69g",
        "image": "https://mamacat.co.kr/web/product/big/20191127/c211ed3545fe3f47fc9c430044a75eda.jpg",
        "가격정책": "마마캣 회원등급 할인 상품",
        "유통기한": "2022.09.30",
        "정상 소비자가": "3,500원",
        "마마캣 판매가": "3,150원",
        "가장 높은 회원등급 할인 적용시 구매가": "3,000원 (최대 150원 할인)",
        "원산지": "미국",
        "제조자 | 수입자": "Rawz Natural Pet Food | (주)에이펙스",
        "사용 연령": "전연령 (2개월 이상)",
        "100g 가격": "5,072원",
        "포장단위별 용량, 수량": "69g",
        "법에 의한 인증 및 허가": "사료관리법에 따른 수입신고를 필함",
        "원료구성": "닭고기,닭고기 육수,호박,당근,타피오카 전분,미네랄,해바라기씨 오일,생선 오일,인산칼륨,염화 칼슘,비타민,파슬리,염화콜린,타우린,염화칼륨,소금",
        "성분구성": "조단백질 11.0%,조지방 1.50%,조섬유질 1.50%,조회분 2.00%,수분 82.00%,칼슘 0.30%,인 0.15%",
        "색상": "주황색",
        "현재 재고 수량": "118개",
        "소비자 상담 전화": "마마캣 고객센터 (1544-6141)"
    },
    {
        "id": 683,
        "name": "요세라 그레인프리 캣 내츄럴 폴트리&송어 2kg",
        "image": "https://mamacat.co.kr/web/product/big/202007/61bb5e93a3d5dcad4c4a298463e3cb18.jpg",
        "상품 간략설명": "어덜트 | 홀리스틱 (1,980원/100g당)",
        "가격정책": "마마캣 회원등급 할인 상품",
        "유통기한": "2022.02.15.",
        "사료등급": "홀리스틱",
        "정상 소비자가": "42,000원",
        "마마캣 판매가": "39,600원",
        "가장 높은 회원등급 할인 적용시 구매가": "37,620원 (최대 1,980원 할인)",
        "원산지": "독일",
        "제조자 | 수입자": "JOSERA Petfood GmbH & CO. KG | 나투어리베",
        "사용 연령": "어덜트 (12개월 이상)",
        "100g 가격": "1,980원",
        "포장단위별 용량, 수량": "2kg",
        "법에 의한 인증 및 허가": "성분등록번호 : 서울-22806호",
        "원료구성": "생육건조가금류단백질 (닭17.5%, 칠면조9.5%, 오리2%), 완두콩가루, 건조된고구마, 가금류지방(닭5.6%, 칠면조 1.4%), 감자단백질, 건조된 송어, 건조된 붉은렌즈콩, 비트섬유, 건조된감자, 식물성식이섬유 (셀룰로스), 가수분해된가금류단백질(닭1.5%, 칠면조 0.5%) 등",
        "성분구성": "조단백 35.0%이상, 조지방 12.0%이상, 조섬유 4.2%이하, 조회분 6.3%이하, 칼슘 1.15%이상, 인 0.9%이상, 수분 9.0%이하",
        "현재 재고 수량": "8개",
        "소비자 상담 전화": "마마캣 고객센터 (1544-6141)",
        "제품 포장 유형": "통포장 (지퍼팩 있음)",
        "제품 보관방법": "직사광선이 없고 서늘하며, 건조한 곳에 실온보관"
    },
    {
        "id": 684,
        "name": "요세라 그레인프리 캣 내츄럴 폴트리&송어 4.25kg",
        "image": "https://mamacat.co.kr/web/product/big/202007/61bb5e93a3d5dcad4c4a298463e3cb18.jpg",
        "상품 간략설명": "어덜트 | 홀리스틱 (1,588원/100g당)",
        "가격정책": "마마캣 회원등급 할인 상품",
        "유통기한": "2022.01.28.",
        "사료등급": "홀리스틱",
        "정상 소비자가": "74,600원",
        "마마캣 판매가": "67,500원",
        "가장 높은 회원등급 할인 적용시 구매가": "64,130원 (최대 3,370원 할인)",
        "원산지": "독일",
        "제조자 | 수입자": "JOSERA Petfood GmbH & CO. KG | 나투어리베",
        "사용 연령": "어덜트 (12개월 이상)",
        "100g 가격": "1,588원",
        "포장단위별 용량, 수량": "4.25kg",
        "법에 의한 인증 및 허가": "성분등록번호 : 서울-22806호",
        "원료구성": "생육건조가금류단백질 (닭17.5%, 칠면조9.5%, 오리2%), 완두콩가루, 건조된고구마, 가금류지방(닭5.6%, 칠면조 1.4%), 감자단백질, 건조된 송어, 건조된 붉은렌즈콩, 비트섬유, 건조된감자, 식물성식이섬유 (셀룰로스), 가수분해된가금류단백질(닭1.5%, 칠면조 0.5%) 등",
        "성분구성": "조단백 35.0%이상, 조지방 12.0%이상, 조섬유 4.2%이하, 조회분 6.3%이하, 칼슘 1.15%이상, 인 0.9%이상, 수분 9.0%이하",
        "현재 재고 수량": "5개",
        "소비자 상담 전화": "마마캣 고객센터 (1544-6141)",
        "제품 포장 유형": "통포장 (지퍼팩 있음)",
        "제품 보관방법": "직사광선이 없고 서늘하며, 건조한 곳에 실온보관"
    },
    {
        "id": 685,
        "name": "요세라 그레인프리 캣 네이처캣 폴트리&연어 2kg",
        "image": "https://mamacat.co.kr/web/product/big/202007/480b332fa176416efaa7dd73cb74744c.jpg",
        "상품 간략설명": "어덜트 | 홀리스틱 (1,980원/100g당)",
        "가격정책": "마마캣 회원등급 할인 상품",
        "유통기한": "2022.03.26.",
        "사료등급": "홀리스틱",
        "정상 소비자가": "42,000원",
        "마마캣 판매가": "39,600원",
        "가장 높은 회원등급 할인 적용시 구매가": "37,620원 (최대 1,980원 할인)",
        "원산지": "독일",
        "제조자 | 수입자": "JOSERA Petfood GmbH & CO. KG | 나투어리베",
        "사용 연령": "어덜트 (12개월 이상)",
        "100g 가격": "1,980원",
        "포장단위별 용량, 수량": "2kg",
        "법에 의한 인증 및 허가": "성분등록번호 : 서울-22808호",
        "원료구성": "생육건조가금류단백질 (닭18.6%,칠면조9.4%,오리2%), 가금류지방(닭11%,칠면조4%), 건조된고구마, 건조된감자, 건조된연어, 완두콩가루, 비트섬유, 가수분해된가금류단백질(닭3.7%,칠면조1.3%), 허브 (페퍼민트,파슬리,카모마일,감초뿌리,마리골드,펜넬), 과일 등",
        "성분구성": "조단백 33.0%이상, 조지방 20.0%이상, 조섬유 2.0%이하, 조회분 6.8%이하, 칼슘 1.3%이상, 인 1.0%이상, 수분 9.0%이하",
        "현재 재고 수량": "8개",
        "소비자 상담 전화": "마마캣 고객센터 (1544-6141)",
        "제품 포장 유형": "통포장 (지퍼팩 있음)",
        "제품 보관방법": "직사광선이 없고 서늘하며, 건조한 곳에 실온보관"
    },
    {
        "id": 686,
        "name": "요세라 그레인프리 캣 네이처캣 폴트리&연어 4.25kg",
        "image": "https://mamacat.co.kr/web/product/big/202007/480b332fa176416efaa7dd73cb74744c.jpg",
        "상품 간략설명": "어덜트 | 홀리스틱 (1,588원/100g당)",
        "가격정책": "마마캣 회원등급 할인 상품",
        "유통기한": "2022.04.23.",
        "사료등급": "홀리스틱",
        "정상 소비자가": "74,600원",
        "마마캣 판매가": "67,500원",
        "가장 높은 회원등급 할인 적용시 구매가": "64,130원 (최대 3,370원 할인)",
        "원산지": "독일",
        "제조자 | 수입자": "JOSERA Petfood GmbH & CO. KG | 나투어리베",
        "사용 연령": "어덜트 (12개월 이상)",
        "100g 가격": "1,588원",
        "포장단위별 용량, 수량": "4.25kg",
        "법에 의한 인증 및 허가": "성분등록번호 : 서울-22808호",
        "원료구성": "생육건조가금류단백질 (닭18.6%,칠면조9.4%,오리2%), 가금류지방(닭11%,칠면조4%), 건조된고구마, 건조된감자, 건조된연어, 완두콩가루, 비트섬유, 가수분해된가금류단백질(닭3.7%,칠면조1.3%), 허브 (페퍼민트,파슬리,카모마일,감초뿌리,마리골드,펜넬), 과일 등",
        "성분구성": "조단백 33.0%이상, 조지방 20.0%이상, 조섬유 2.0%이하, 조회분 6.8%이하, 칼슘 1.3%이상, 인 1.0%이상, 수분 9.0%이하",
        "현재 재고 수량": "10개",
        "소비자 상담 전화": "마마캣 고객센터 (1544-6141)",
        "제품 포장 유형": "통포장 (지퍼팩 있음)",
        "제품 보관방법": "직사광선이 없고 서늘하며, 건조한 곳에 실온보관"
    },
    {
        "id": 687,
        "name": "요세라 그레인프리 캣 마리네스 연어 2kg",
        "image": "https://mamacat.co.kr/web/product/big/202007/c878b7c62cd87c4845badbe4f4e0f236.jpg",
        "상품 간략설명": "어덜트 | 홀리스틱 (1,980원/100g당)",
        "가격정책": "마마캣 회원등급 할인 상품",
        "유통기한": "2022.02.11.",
        "사료등급": "홀리스틱",
        "정상 소비자가": "42,000원",
        "마마캣 판매가": "39,600원",
        "가장 높은 회원등급 할인 적용시 구매가": "37,620원 (최대 1,980원 할인)",
        "원산지": "독일",
        "제조자 | 수입자": "JOSERA Petfood GmbH & CO. KG | 나투어리베",
        "사용 연령": "어덜트 (12개월 이상)",
        "100g 가격": "1,980원",
        "포장단위별 용량, 수량": "2kg",
        "법에 의한 인증 및 허가": "성분등록번호 : 서울-22807호",
        "원료구성": "건조된연어, 건조된감자, 가금류지방(닭6.1%,칠면조3%,오리1.9%), 완두콩가루, 감자단백질, 비트섬유, 가수분해된 생선단백질 (캔참치, 틸라피아, 메콩메기, 새우), 메니랄 (탄산칼슘), 비타민 (A, D3, E, B1, B2, B6, B12), 칼슘D-판토텐산 등",
        "성분구성": "조단백 30%이상, 조지방 15%이상, 조섬유 2.2%이하, 조회분 6.9%이하, 칼슘 1.2%이상, 인 1.0%이상, 수분 9.0%이하",
        "현재 재고 수량": "7개",
        "소비자 상담 전화": "마마캣 고객센터 (1544-6141)",
        "제품 포장 유형": "통포장 (지퍼팩 있음)",
        "제품 보관방법": "직사광선이 없고 서늘하며, 건조한 곳에 실온보관"
    },
    {
        "id": 688,
        "name": "요세라 그레인프리 캣 마리네스 연어 4.25kg",
        "image": "https://mamacat.co.kr/web/product/big/202007/c878b7c62cd87c4845badbe4f4e0f236.jpg",
        "상품 간략설명": "어덜트 | 홀리스틱 (1,588원/100g당)",
        "가격정책": "마마캣 회원등급 할인 상품",
        "유통기한": "2022.02.19.",
        "사료등급": "홀리스틱",
        "정상 소비자가": "74,600원",
        "마마캣 판매가": "67,500원",
        "가장 높은 회원등급 할인 적용시 구매가": "64,130원 (최대 3,370원 할인)",
        "원산지": "독일",
        "제조자 | 수입자": "JOSERA Petfood GmbH & CO. KG | 나투어리베",
        "사용 연령": "어덜트 (12개월 이상)",
        "100g 가격": "1,588원",
        "포장단위별 용량, 수량": "4.25kg",
        "법에 의한 인증 및 허가": "성분등록번호 : 서울-22807호",
        "원료구성": "건조된연어, 건조된감자, 가금류지방(닭6.1%,칠면조3%,오리1.9%), 완두콩가루, 감자단백질, 비트섬유, 가수분해된 생선단백질 (캔참치, 틸라피아, 메콩메기, 새우), 메니랄 (탄산칼슘), 비타민 (A, D3, E, B1, B2, B6, B12), 칼슘D-판토텐산 등",
        "성분구성": "조단백 30%이상, 조지방 15%이상, 조섬유 2.2%이하, 조회분 6.9%이하, 칼슘 1.2%이상, 인 1.0%이상, 수분 9.0%이하",
        "현재 재고 수량": "3개",
        "소비자 상담 전화": "마마캣 고객센터 (1544-6141)",
        "제품 포장 유형": "통포장 (지퍼팩 있음)",
        "제품 보관방법": "직사광선이 없고 서늘하며, 건조한 곳에 실온보관"
    },
    {
        "id": 689,
        "name": "요세라 그레인프리 캣 요세라 데일리캣 폴트리 2kg",
        "image": "https://mamacat.co.kr/web/product/big/202007/811c243a4e4b85290ba5c7f136e1ac85.jpg",
        "상품 간략설명": "어덜트 | 홀리스틱 (1,980원/100g당)",
        "가격정책": "마마캣 회원등급 할인 상품",
        "유통기한": "2022.03.26.",
        "사료등급": "홀리스틱",
        "정상 소비자가": "42,000원",
        "마마캣 판매가": "39,600원",
        "가장 높은 회원등급 할인 적용시 구매가": "37,620원 (최대 1,980원 할인)",
        "원산지": "독일",
        "제조자 | 수입자": "JOSERA Petfood GmbH & CO. KG | 나투어리베",
        "사용 연령": "어덜트 (12개월 이상)",
        "100g 가격": "1,980원",
        "포장단위별 용량, 수량": "2kg",
        "법에 의한 인증 및 허가": "성분등록번호 : 서울-22805호",
        "원료구성": "생육건조가금류단백질(닭23%,칠면조11%,오리5%), 건조된고구마, 완두콩가루, 가금류지방(닭5.9%,칠면조3%,오리1.1%), 비트섬유, 가수분해된가금류단백질 (닭1.5%,칠면조0.5%), 건조된가금류간(닭1%,칠면조0.5%), 허브(페퍼민트,파슬리,카모마일,감초뿌리,마리골드) 등",
        "성분구성": "조단백 33.0%이상, 조지방 16.0%이상, 조섬유 2.2%이하, 조쇠분 7.0%이하, 칼슘 1.25%이상, 인 0.95%이상, 수분 9.0%이하",
        "현재 재고 수량": "5개",
        "소비자 상담 전화": "마마캣 고객센터 (1544-6141)",
        "제품 포장 유형": "통포장 (지퍼팩 있음)",
        "제품 보관방법": "직사광선이 없고 서늘하며, 건조한 곳에 실온보관"
    },
    {
        "id": 690,
        "name": "요세라 그레인프리 캣 요세라 데일리캣 폴트리 4.25kg",
        "image": "https://mamacat.co.kr/web/product/big/202007/811c243a4e4b85290ba5c7f136e1ac85.jpg",
        "상품 간략설명": "어덜트 | 홀리스틱 (1,588원/100g당)",
        "가격정책": "마마캣 회원등급 할인 상품",
        "유통기한": "2022.03.18.",
        "사료등급": "홀리스틱",
        "정상 소비자가": "74,600원",
        "마마캣 판매가": "67,500원",
        "가장 높은 회원등급 할인 적용시 구매가": "64,130원 (최대 3,370원 할인)",
        "원산지": "독일",
        "제조자 | 수입자": "JOSERA Petfood GmbH & CO. KG | 나투어리베",
        "사용 연령": "어덜트 (12개월 이상)",
        "100g 가격": "1,588원",
        "포장단위별 용량, 수량": "4.25kg",
        "법에 의한 인증 및 허가": "성분등록번호 : 서울-22805호",
        "원료구성": "생육건조가금류단백질(닭23%,칠면조11%,오리5%), 건조된고구마, 완두콩가루, 가금류지방(닭5.9%,칠면조3%,오리1.1%), 비트섬유, 가수분해된가금류단백질 (닭1.5%,칠면조0.5%), 건조된가금류간(닭1%,칠면조0.5%), 허브(페퍼민트,파슬리,카모마일,감초뿌리,마리골드) 등",
        "성분구성": "조단백 33.0%이상, 조지방 16.0%이상, 조섬유 2.2%이하, 조쇠분 7.0%이하, 칼슘 1.25%이상, 인 0.95%이상, 수분 9.0%이하",
        "현재 재고 수량": "4개",
        "소비자 상담 전화": "마마캣 고객센터 (1544-6141)",
        "제품 포장 유형": "통포장 (지퍼팩 있음)",
        "제품 보관방법": "직사광선이 없고 서늘하며, 건조한 곳에 실온보관"
    },
    {
        "id": 691,
        "name": "웰니스 캣 컴플리트 헬스 그레인프리 어덜트 연어 2.5kg",
        "image": "https://mamacat.co.kr/web/product/big/20200207/bc65cf812e9469bee0b80110fed46d4b.jpg",
        "상품 간략설명": "성묘용 | 홀리스틱 (1475원/100g당)",
        "가격정책": "최저마진",
        "유통기한": "2021.11.22.",
        "사료등급": "홀리스틱",
        "정상 소비자가": "44,000원",
        "마마캣 판매가": "36,880원",
        "원산지": "미국",
        "제조자 | 수입자": "WellPet LLC | 유한양행",
        "사용 연령": "성묘용 (12개월 이상)",
        "100g 가격": "1475원",
        "포장단위별 용량, 수량": "2.5kg",
        "법에 의한 인증 및 허가": "사료관리법에 따른 수입신고를 필함",
        "원료구성": "연어,연어밀,청어밀,멘헤이든밀,닭지방,천연생선향,완두콩,렌틸콩,건조분쇄감자,토마토포마스,분쇄아마씨,크랜베리,치커리 뿌리 추출물,건조 켈프,유카추출물,염화콜린,염화칼륨,타우린,염화칼슘,비타민E보충제,아연 단백질화합물 등",
        "성분구성": "조단백 37.0% 이상, 조지방 16.00% 이상, 조섬유 5.00% 이하, 수분 10.0% 이하, 조회분 9.00% 이하, 인 0.5% 이상",
        "현재 재고 수량": "1개",
        "소비자 상담 전화": "마마캣 고객센터 (1544-6141)",
        "제품 포장 유형": "통포장 (지퍼팩 있음)"
    },
    {
        "id": 692,
        "name": "웰니스 캣 컴플리트 헬스 그레인프리 어덜트 치킨 5.2kg",
        "image": "https://mamacat.co.kr/web/product/big/20191126/3e5a56d5fdf489fe8ca67658ae4aa85a.jpg",
        "상품 간략설명": "성묘용 | 홀리스틱 (1288원/100g당)",
        "가격정책": "최저마진",
        "유통기한": "2022.03.10.",
        "사료등급": "홀리스틱",
        "정상 소비자가": "72,000원",
        "마마캣 판매가": "66,960원",
        "원산지": "미국",
        "제조자 | 수입자": "WellPet LLC | 유한양행",
        "사용 연령": "성묘용 (12개월 이상)",
        "100g 가격": "1288원",
        "포장단위별 용량, 수량": "5.2kg",
        "법에 의한 인증 및 허가": "사료관리법에 따른 수입신고를 필함",
        "원료구성": "뼈를 발라낸 닭고기, 닭고기밀, 완두콩, 병아리콩, 닭지방, 토마토 포마스, 분쇄 아마씨, 분쇄 감자, 천연닭고기향, 연어오일, 크랜베리, 비타민, 미네랄, 치커리 뿌리 추출물, 타우린, 혼합 토코페롤, 건조 켈프, 유카 추출물, 유산균 등",
        "성분구성": "조단백 40.0% 이상, 조지방 18.0% 이상, 조섬유 4.0% 이하, 수분 10.0% 이하, 조회분 9.0% 이하, 인 0.8% 이상",
        "현재 재고 수량": "10개",
        "소비자 상담 전화": "마마캣 고객센터 (1544-6141)",
        "제품 포장 유형": "통포장 (지퍼팩 있음)"
    },
    {
        "id": 693,
        "name": "웰니스 캣 컴플리트 헬스 그레인프리 인도어 헬씨 웨이트 2.5kg",
        "image": "https://mamacat.co.kr/web/product/big/20200207/db72c29d780bb8ae8018d12c8ea2b335.jpg",
        "상품 간략설명": "성묘용 | 홀리스틱 (1415원/100g당)",
        "가격정책": "최저마진",
        "유통기한": "2022.03.25.",
        "사료등급": "홀리스틱",
        "정상 소비자가": "42,000원",
        "마마캣 판매가": "35,380원",
        "원산지": "미국",
        "제조자 | 수입자": "WellPet LLC | 유한양행",
        "사용 연령": "성묘용 (12개월 이상)",
        "100g 가격": "1415원",
        "포장단위별 용량, 수량": "2.5kg",
        "법에 의한 인증 및 허가": "사료관리법에 따른 수입신고를 필함",
        "원료구성": "뼈를 발라낸 닭고기,닭고기밀,칠면조밀,닭 지방,천연 칠면조향,완두콩,건조분쇄감자,분쇄아마씨,감자,렌틸콩,크랜베리,치커리뿌리 추출물,건조 켈프,유카 푸풀물,염화콜린 등",
        "성분구성": "조단백 35.0% 이상, 조지방 9.50% 이상, 조섬유 5.50% 이하, 수분 10.0% 이하, 조회분 9.0% 이하, 인 0.5% 이상",
        "현재 재고 수량": "3개",
        "소비자 상담 전화": "마마캣 고객센터 (1544-6141)",
        "제품 포장 유형": "통포장 (지퍼팩 있음)"
    },
    {
        "id": 694,
        "name": "웰니스 캣 코어 그레인프리 오리지날 2.2kg",
        "image": "https://mamacat.co.kr/web/product/big/20191126/6ca6f2b2fd3c4fd9e331066715a01b18.jpg",
        "상품 간략설명": "성묘용 | 홀리스틱 (1565원/100g당)",
        "가격정책": "최저마진",
        "유통기한": "2021.12.25.",
        "사료등급": "홀리스틱",
        "정상 소비자가": "42,000원",
        "마마캣 판매가": "35,380원",
        "원산지": "미국",
        "제조자 | 수입자": "WellPet LLC | 유한양행",
        "사용 연령": "성묘용 (12개월 이상)",
        "100g 가격": "1565원",
        "포장단위별 용량, 수량": "2.2kg",
        "법에 의한 인증 및 허가": "사료관리법에 따른 수입신고를 필함",
        "원료구성": "뼈를 발라낸 칠면조 고기, 뼈를 발라낸 닭고기, 칠면조밀, 닭고기밀, 완두콩, 청어밀, 닭지방(천연 토코페롤 보존), 건조 분쇄 감자, 토마토 포마스, 분쇄 아마씨, 천연 닭고기향, 연어오일, 크랜베리, 치커리 뿌리 추출물, 염화콜린, 타우린 등",
        "성분구성": "조단백질 45.0%, 조지방 18.0%, 조섬유 3.0%, 조회분 10.0%, 수분 10.0%, 칼슘 0.60%, 인 0.50%, 타우린 0.20%, 오메가-6 4.75%, 오메가-3 1.25%, 비타민A 25,000IU/kg, 비타민E 200IU/kg, 생균 90,000,000CFU/lb, 칼로리 3,977kcal/kg",
        "현재 재고 수량": "9개",
        "소비자 상담 전화": "마마캣 고객센터 (1544-6141)",
        "제품 포장 유형": "통포장 (지퍼팩 있음)"
    },
    {
        "id": 695,
        "name": "웰니스 캣 코어 그레인프리 오리지날 4.98kg",
        "image": "https://mamacat.co.kr/web/product/big/20191126/eb9a86c8f0b318c8647b7b793d194c6d.jpg",
        "상품 간략설명": "성묘용 | 홀리스틱 (1372원/100g당)",
        "가격정책": "최저마진",
        "유통기한": "2021.12.25.",
        "사료등급": "홀리스틱",
        "정상 소비자가": "96,000원",
        "마마캣 판매가": "68,320원",
        "원산지": "미국",
        "제조자 | 수입자": "WellPet LLC | 유한양행",
        "사용 연령": "성묘용 (12개월 이상)",
        "100g 가격": "1372원",
        "포장단위별 용량, 수량": "4.98kg",
        "법에 의한 인증 및 허가": "사료관리법에 따른 수입신고를 필함",
        "원료구성": "뼈를 발라낸 칠면조 고기, 뼈를 발라낸 닭고기, 칠면조밀, 닭고기밀, 완두콩, 청어밀, 닭지방(천연 토코페롤 보존), 건조 분쇄 감자, 토마토 포마스, 분쇄 아마씨, 천연 닭고기향, 연어오일, 크랜베리, 치커리 뿌리 추출물, 염화콜린, 타우린 등",
        "성분구성": "조단백질 45.0%, 조지방 18.0%, 조섬유 3.0%, 조회분 10.0%, 수분 10.0%, 칼슘 0.60%, 인 0.50%, 타우린 0.20%, 오메가-6 4.75%, 오메가-3 1.25%, 비타민A 25,000IU/kg, 비타민E 200IU/kg, 생균 90,000,000CFU/lb, 칼로리 3,977kcal/kg",
        "현재 재고 수량": "4개",
        "소비자 상담 전화": "마마캣 고객센터 (1544-6141)",
        "제품 포장 유형": "통포장 (지퍼 없음)"
    },
    {
        "id": 696,
        "name": "웰니스 캣 코어 그레인프리 인도어 2.2kg",
        "image": "https://mamacat.co.kr/web/product/big/20191126/fbdc7bbddf9e34bc23a50a609f9abd8b.jpg",
        "상품 간략설명": "성묘용 | 홀리스틱 (1565원/100g당)",
        "가격정책": "최저마진",
        "유통기한": "2022.01.29.",
        "사료등급": "홀리스틱",
        "정상 소비자가": "42,000원",
        "마마캣 판매가": "35,380원",
        "원산지": "미국",
        "제조자 | 수입자": "WellPet LLC | 유한양행",
        "사용 연령": "성묘용 (12개월 이상)",
        "100g 가격": "1565원",
        "포장단위별 용량, 수량": "2.2kg",
        "법에 의한 인증 및 허가": "사료관리법에 따른 수입신고를 필함",
        "원료구성": "뼈를 발라낸 닭고기, 칠면조밀, 닭고기밀, 완두콩, 감자, 토마토 포마스, 분쇄 아마씨, 닭지방, 천연 닭고기향, 치커리뿌리 추출물, 염화콜린, 크랜베리, 타우린, 비타민, 미네랄, 글루코사민 염산염, 황산콘드로이틴, 건조켈프, L-카르니틴, 혼합 토코페롤 등",
        "성분구성": "조단백 38%, 조지방 12%, 조섬유 5%, 조회분 10%, 수분 10%, 칼슘 0.6%, 인 0.5%, 비타민A 25,000IU/kg, 비타민E 200IU/kg, 타우린 0.1%, 오메가6 3%, 오메가3 0.5%, 글루코사민 400mg/kg, 콘드로이틴 300mg/kg, 생균 90,000,000 CFU/Ib",
        "현재 재고 수량": "5개",
        "소비자 상담 전화": "마마캣 고객센터 (1544-6141)",
        "제품 포장 유형": "통포장 (지퍼팩 있음)"
    },
    {
        "id": 697,
        "name": "웰니스 캣 코어 그레인프리 인도어 4.98kg",
        "image": "https://mamacat.co.kr/web/product/big/20191126/ec7830d16fdda7d66a59a8b83082c9ce.jpg",
        "상품 간략설명": "성묘용 | 홀리스틱 (1372원/100g당)",
        "가격정책": "최저마진",
        "유통기한": "2022.01.01.",
        "사료등급": "홀리스틱",
        "정상 소비자가": "79,000원",
        "마마캣 판매가": "68,320원",
        "원산지": "미국",
        "제조자 | 수입자": "WellPet LLC | 유한양행",
        "사용 연령": "성묘용 (12개월 이상)",
        "100g 가격": "1372원",
        "포장단위별 용량, 수량": "4.98kg",
        "법에 의한 인증 및 허가": "사료관리법에 따른 수입신고를 필함",
        "원료구성": "뼈를 발라낸 닭고기, 칠면조밀, 닭고기밀, 완두콩, 감자, 토마토 포마스, 분쇄 아마씨, 닭지방, 천연 닭고기향, 치커리뿌리 추출물, 염화콜린, 크랜베리, 타우린, 비타민, 미네랄, 글루코사민 염산염, 황산콘드로이틴, 건조켈프, L-카르니틴, 혼합 토코페롤 등",
        "성분구성": "조단백 38%, 조지방 12%, 조섬유 5%, 조회분 10%, 수분 10%, 칼슘 0.6%, 인 0.5%, 비타민A 25,000IU/kg, 비타민E 200IU/kg, 타우린 0.1%, 오메가6 3%, 오메가3 0.5%, 글루코사민 400mg/kg, 콘드로이틴 300mg/kg, 생균 90,000,000 CFU/Ib",
        "현재 재고 수량": "10개",
        "소비자 상담 전화": "마마캣 고객센터 (1544-6141)",
        "제품 포장 유형": "통포장 (지퍼 없음)"
    },
    {
        "id": 698,
        "name": "웰니스 캣 코어 그레인프리 인도어 오션 2.2kg",
        "image": "https://mamacat.co.kr/web/product/big/20191126/bbe3c6c8c25494195cbbb8205f22d3b8.jpg",
        "상품 간략설명": "성묘용 | 홀리스틱 (1565원/100g당)",
        "가격정책": "최저마진",
        "유통기한": "2022.02.04.",
        "사료등급": "홀리스틱",
        "정상 소비자가": "42,000원",
        "마마캣 판매가": "35,380원",
        "원산지": "미국",
        "제조자 | 수입자": "WellPet LLC | 유한양행",
        "사용 연령": "성묘용 (12개월 이상)",
        "100g 가격": "1565원",
        "포장단위별 용량, 수량": "2.2kg",
        "법에 의한 인증 및 허가": "사료관리법에 따른 수입신고를 필함",
        "원료구성": "연어,멘허이든밀,청어밀,천연생선향,글루코사민염산염,황산콘트로이틴,완두콩,건조분쇄감자,완두콩단백질,분쇄아마씨,완두콩섬유질,토마토포마스,카놀라유,크랜베리,치커리뿌리추출물,건조켈프,유카추출물,비타민E보충제,L-카르니틴,니이아신,비타민보충제A,티아민등",
        "성분구성": "조단백 38.0%, 조지방 10.0%, 조섬유 6.00%, 칼슘 0.80%, 인 0.60%, 수분 10.0%",
        "현재 재고 수량": "4개",
        "소비자 상담 전화": "마마캣 고객센터 (1544-6141)",
        "기타 정보": "오리지널 대비 20% 낮은 칼로리. 중성화 수술 후 체중관리(저칼로리)에 적합한 사료입니다 :)"
    },
    {
        "id": 699,
        "name": "웰니스 캣 코어 그레인프리 인도어 오션 4.98kg",
        "image": "https://mamacat.co.kr/web/product/big/20191126/2d3e009810cc8c2292ee546a85a74bf0.jpg",
        "상품 간략설명": "성묘용 | 홀리스틱 (1372원/100g당)",
        "가격정책": "최저마진",
        "유통기한": "2022.02.04.",
        "사료등급": "홀리스틱",
        "정상 소비자가": "79,000원",
        "마마캣 판매가": "68,320원",
        "원산지": "미국",
        "제조자 | 수입자": "WellPet LLC | 유한양행",
        "사용 연령": "성묘용 (12개월 이상)",
        "100g 가격": "1372원",
        "포장단위별 용량, 수량": "4.98kg",
        "법에 의한 인증 및 허가": "사료관리법에 따른 수입신고를 필함",
        "원료구성": "연어,멘허이든밀,청어밀,천연생선향,글루코사민염산염,황산콘트로이틴,완두콩,건조분쇄감자,완두콩단백질,분쇄아마씨,완두콩섬유질,토마토포마스,카놀라유,크랜베리,치커리뿌리추출물,건조켈프,유카추출물,비타민E보충제,L-카르니틴,니이아신,비타민보충제A,티아민등",
        "성분구성": "조단백 38.0%, 조지방 10.0%, 조섬유 6.00%, 칼슘 0.80%, 인 0.60%, 수분 10.0%",
        "현재 재고 수량": "2개",
        "소비자 상담 전화": "마마캣 고객센터 (1544-6141)",
        "기타 정보": "오리지널 대비 20% 낮은 칼로리. 중성화 수술 후 체중관리(저칼로리)에 적합한 사료입니다 :)"
    },
    {
        "id": 700,
        "name": "웰니스 캣 코어 그레인프리 키튼 2.2kg",
        "image": "https://mamacat.co.kr/web/product/big/20191126/3373e9c30e0bf332be93b6e1f18de047.jpg",
        "상품 간략설명": "자묘용 | 홀리스틱 (1609원/100g당)",
        "가격정책": "최저마진",
        "유통기한": "2022.04.11.",
        "사료등급": "홀리스틱",
        "정상 소비자가": "42,000원",
        "마마캣 판매가": "36,370원",
        "원산지": "미국",
        "제조자 | 수입자": "WellPet LLC | 유한양행",
        "사용 연령": "자묘용 (12개월 이하)",
        "100g 가격": "1609원",
        "포장단위별 용량, 수량": "2.2kg",
        "법에 의한 인증 및 허가": "사료관리법에 따른 수입신고를 필함",
        "원료구성": "뼈를 발라낸 칠면조 고기, 칠면조밀, 뼈를 발라낸 닭고기, 닭고기밀, 완두콩, 청어밀, 닭지방(혼합 토코페롤 보존), 건조 분쇄 감자, 토마토 포마스, 분쇄 아마씨, 연어오일, 천연 닭고기향, 크랜베리, 치커리 뿌리 추출물, 염화콜린, 타우린, 비타민, 미네랄 등",
        "성분구성": "조단백 45.0%, 조지방 18.0%, 조섬유 3.0%, 조회분 9.0%, 수분 10.0%, 칼슘 0.60%, 인 0.80%, 타우린 0.20%, 오메가-6 4.75%, 오메가-3 1.25%, DHA 0.10%, 비타민A 25,000IU/kg, 비타민E 200IU/kg, 생균 90,000,000CFU/lb, 칼로리 3,977Kcal/kg",
        "현재 재고 수량": "4개",
        "소비자 상담 전화": "마마캣 고객센터 (1544-6141)",
        "제품 포장 유형": "통포장 (지퍼팩 있음)"
    },
    {
        "id": 701,
        "name": "웰니스 코어 그레인프리 캣 주식캔 디바인듀오 4종 맛보기 79g × 4개",
        "image": "https://mamacat.co.kr/web/product/big/20191212/8e8be5d2846a0a2c19cd7f87d67c830d.jpg",
        "가격정책": "최저마진",
        "유통기한": "각 제품의 상세페이지 참고",
        "정상 소비자가": "10,800원",
        "마마캣 판매가": "8,560원",
        "원산지": "태국",
        "제조자 | 수입자": "SEAPAC Ltd | 유한양행",
        "사용 연령": "4개월 이상 추천",
        "100g 가격": "2,709원",
        "포장단위별 용량, 수량": "79g × 4개",
        "법에 의한 인증 및 허가": "사료관리법에 따른 수입신고를 필함",
        "원료구성": "각 상품의 상세페이지 참고",
        "성분구성": "각 상품의 상세페이지 참고",
        "현재 재고 수량": "14개",
        "소비자 상담 전화": "마마캣 고객센터 (1544-6141)"
    },
    {
        "id": 702,
        "name": "웰니스 코어 그레인프리 캣 주식캔 디바인듀오 닭고기와 연어 79g × 12개",
        "image": "https://mamacat.co.kr/web/product/big/20200114/17c283d7cc2a13601430567be25b24c8.jpg",
        "가격정책": "최저마진",
        "유통기한": "2022.09.10.",
        "정상 소비자가": "32,400원",
        "마마캣 판매가": "24,780원",
        "원산지": "태국",
        "제조자 | 수입자": "SEAPAC Ltd | 유한양행",
        "사용 연령": "4개월 이상 추천",
        "100g 가격": "2,614원",
        "포장단위별 용량, 수량": "79g × 12개",
        "법에 의한 인증 및 허가": "사료관리법에 따른 수입신고를 필함",
        "원료구성": "닭고기육수, 닭고기, 감자전분, 연어, 당근, 비타민 및 미네랄 등",
        "성분구성": "조단백 5.5% 이상, 조지방 5.0% 이상, 조섬유 0.5% 이하, 조회분 2.5% 이하, 칼슘 0.15% 이상, 인 0.12% 이상, 수분 85.0% 이하",
        "현재 재고 수량": "4개",
        "소비자 상담 전화": "마마캣 고객센터 (1544-6141)"
    },
    {
        "id": 703,
        "name": "웰니스 코어 그레인프리 캣 주식캔 디바인듀오 닭고기와 연어 79g",
        "image": "https://mamacat.co.kr/web/product/big/20191212/56e3a8cf8dbeefeb98882bb7659dc2b1.jpg",
        "가격정책": "최저마진",
        "유통기한": "2022.09.10.",
        "정상 소비자가": "2,700원",
        "마마캣 판매가": "2,200원",
        "원산지": "태국",
        "제조자 | 수입자": "SEAPAC Ltd | 유한양행",
        "사용 연령": "4개월 이상 추천",
        "100g 가격": "2,821원",
        "포장단위별 용량, 수량": "79g",
        "법에 의한 인증 및 허가": "사료관리법에 따른 수입신고를 필함",
        "원료구성": "닭고기육수, 닭고기, 감자전분, 연어, 당근, 비타민 및 미네랄 등",
        "성분구성": "조단백 5.5% 이상, 조지방 5.0% 이상, 조섬유 0.5% 이하, 조회분 2.5% 이하, 칼슘 0.15% 이상, 인 0.12% 이상, 수분 85.0% 이하",
        "현재 재고 수량": "17개",
        "소비자 상담 전화": "마마캣 고객센터 (1544-6141)"
    },
    {
        "id": 704,
        "name": "웰니스 코어 그레인프리 캣 주식캔 디바인듀오 닭고기와 오리 79g × 12개",
        "image": "https://mamacat.co.kr/web/product/big/20200114/81b601b012d01a43530a2ccff8e31833.jpg",
        "가격정책": "최저마진",
        "유통기한": "2022.07.10.",
        "정상 소비자가": "32,400원",
        "마마캣 판매가": "24,780원",
        "원산지": "태국",
        "제조자 | 수입자": "SEAPAC Ltd | 유한양행",
        "사용 연령": "4개월 이상 추천",
        "100g 가격": "2,614원",
        "포장단위별 용량, 수량": "79g × 12개",
        "법에 의한 인증 및 허가": "사료관리법에 따른 수입신고를 필함",
        "원료구성": "닭고기육수, 닭고기, 감자전분, 오리, 당근, 비타민 및 미네랄 등",
        "성분구성": "조단백 5.5% 이상, 조지방 5.0% 이상, 조섬유 0.5% 이하, 조회분 2.5% 이하, 칼슘 0.15% 이상, 인 0.12% 이상, 수분 85.0% 이하",
        "현재 재고 수량": "6개",
        "소비자 상담 전화": "마마캣 고객센터 (1544-6141)"
    },
    {
        "id": 705,
        "name": "웰니스 코어 그레인프리 캣 주식캔 디바인듀오 닭고기와 오리 79g",
        "image": "https://mamacat.co.kr/web/product/big/20191212/d4c7d451bc26f752f40ec33b15279932.jpg",
        "가격정책": "최저마진",
        "유통기한": "2022.07.10.",
        "정상 소비자가": "2,700원",
        "마마캣 판매가": "2,200원",
        "원산지": "태국",
        "제조자 | 수입자": "SEAPAC Ltd | 유한양행",
        "사용 연령": "4개월 이상 추천",
        "100g 가격": "2,821원",
        "포장단위별 용량, 수량": "79g",
        "법에 의한 인증 및 허가": "사료관리법에 따른 수입신고를 필함",
        "원료구성": "닭고기육수, 닭고기, 감자전분, 오리, 당근, 비타민 및 미네랄 등",
        "성분구성": "조단백 5.5% 이상, 조지방 5.0% 이상, 조섬유 0.5% 이하, 조회분 2.5% 이하, 칼슘 0.15% 이상, 인 0.12% 이상, 수분 85.0% 이하",
        "현재 재고 수량": "22개",
        "소비자 상담 전화": "마마캣 고객센터 (1544-6141)"
    },
    {
        "id": 706,
        "name": "웰니스 코어 그레인프리 캣 주식캔 디바인듀오 닭고기와 칠면조 79g × 12개",
        "image": "https://mamacat.co.kr/web/product/big/20200114/07b748cd12f96d443d10f02344fa850f.jpg",
        "가격정책": "최저마진",
        "유통기한": "2022.09.10.",
        "정상 소비자가": "32,400원",
        "마마캣 판매가": "24,780원",
        "원산지": "태국",
        "제조자 | 수입자": "SEAPAC Ltd | 유한양행",
        "사용 연령": "4개월 이상 추천",
        "100g 가격": "2,614원",
        "포장단위별 용량, 수량": "79g × 12개",
        "법에 의한 인증 및 허가": "사료관리법에 따른 수입신고를 필함",
        "원료구성": "닭고기육수, 닭고기, 감자전분, 칠면조, 당근, 비타민 및 미네랄 등",
        "성분구성": "조단백 5.5% 이상, 조지방 5.0% 이상, 조섬유 0.5% 이하, 조회분 2.5% 이하, 칼슘 0.15% 이상, 인 0.12% 이상, 수분 85.0% 이하",
        "현재 재고 수량": "5개",
        "소비자 상담 전화": "마마캣 고객센터 (1544-6141)"
    },
    {
        "id": 707,
        "name": "웰니스 코어 그레인프리 캣 주식캔 디바인듀오 닭고기와 칠면조 79g",
        "image": "https://mamacat.co.kr/web/product/big/20191212/a6af0bd629822ec5df20ea12e2d23293.jpg",
        "가격정책": "최저마진",
        "유통기한": "2022.09.10.",
        "정상 소비자가": "2,700원",
        "마마캣 판매가": "2,200원",
        "원산지": "태국",
        "제조자 | 수입자": "SEAPAC Ltd | 유한양행",
        "사용 연령": "4개월 이상 추천",
        "100g 가격": "2,821원",
        "포장단위별 용량, 수량": "79g",
        "법에 의한 인증 및 허가": "사료관리법에 따른 수입신고를 필함",
        "원료구성": "닭고기육수, 닭고기, 감자전분, 칠면조, 당근, 비타민 및 미네랄 등",
        "성분구성": "조단백 5.5% 이상, 조지방 5.0% 이상, 조섬유 0.5% 이하, 조회분 2.5% 이하, 칼슘 0.15% 이상, 인 0.12% 이상, 수분 85.0% 이하",
        "현재 재고 수량": "20개",
        "소비자 상담 전화": "마마캣 고객센터 (1544-6141)"
    },
    {
        "id": 708,
        "name": "웰니스 코어 그레인프리 캣 주식캔 디바인듀오 참치와 연어 79g × 12개",
        "image": "https://mamacat.co.kr/web/product/big/20200114/50fbc0f0e33bbd861d82fd243b38f41c.jpg",
        "가격정책": "최저마진",
        "유통기한": "2022.07.11.",
        "정상 소비자가": "32,400원",
        "마마캣 판매가": "24,780원",
        "원산지": "태국",
        "제조자 | 수입자": "SEAPAC Ltd | 유한양행",
        "사용 연령": "4개월 이상 추천",
        "100g 가격": "2,614원",
        "포장단위별 용량, 수량": "79g × 12개",
        "법에 의한 인증 및 허가": "사료관리법에 따른 수입신고를 필함",
        "원료구성": "닭고기육수, 닭고기, 감자전분, 참치, 연어, 비타민 및 미네랄 등",
        "성분구성": "조단백 5.5% 이상, 조지방 5.0% 이상, 조섬유 0.5% 이하, 조회분 2.5% 이하, 칼슘 0.15% 이상, 인 0.12% 이상, 수분 85.0% 이하",
        "현재 재고 수량": "6개",
        "소비자 상담 전화": "마마캣 고객센터 (1544-6141)"
    },
    {
        "id": 709,
        "name": "웰니스 코어 그레인프리 캣 주식캔 디바인듀오 참치와 연어 79g",
        "image": "https://mamacat.co.kr/web/product/big/20191212/5f4bf1ea4f6302f63f54b766e75e0cbe.jpg",
        "가격정책": "최저마진",
        "유통기한": "2022.07.11.",
        "정상 소비자가": "2,700원",
        "마마캣 판매가": "2,200원",
        "원산지": "태국",
        "제조자 | 수입자": "SEAPAC Ltd | 유한양행",
        "사용 연령": "4개월 이상 추천",
        "100g 가격": "2,821원",
        "포장단위별 용량, 수량": "79g",
        "법에 의한 인증 및 허가": "사료관리법에 따른 수입신고를 필함",
        "원료구성": "닭고기육수, 닭고기, 감자전분, 참치, 연어, 비타민 및 미네랄 등",
        "성분구성": "조단백 5.5% 이상, 조지방 5.0% 이상, 조섬유 0.5% 이하, 조회분 2.5% 이하, 칼슘 0.15% 이상, 인 0.12% 이상, 수분 85.0% 이하",
        "현재 재고 수량": "20개",
        "소비자 상담 전화": "마마캣 고객센터 (1544-6141)"
    },
    {
        "id": 710,
        "name": "웰니스 코어 그레인프리 캣 주식캔 살몬&화이트피쉬&해링 캔드 캣 156g × 12개",
        "image": "https://mamacat.co.kr/web/product/big/20191212/5e425ebc97193274f56ce31918663ada.jpg",
        "가격정책": "최저마진",
        "유통기한": "2022.02.22.",
        "정상 소비자가": "50,400원",
        "마마캣 판매가": "36,000원",
        "원산지": "미국",
        "제조자 | 수입자": "WellPet LLC | 유한양행",
        "사용 연령": "4개월 이상 추천",
        "100g 가격": "1,923원",
        "포장단위별 용량, 수량": "156g × 12개",
        "법에 의한 인증 및 허가": "사료관리법에 따른 수입신고를 필함",
        "원료구성": "흰살생선, 연어 브로스, 연어, 참치, 청어, 건조 분쇄 감자, 카놀라 오일, 분쇄 아마씨, 카라기난, 구아검, 연어오일, 크랜베리, 염화칼륨, 타우린, 식염, 염화콜린, 건조켈프, 유카추출물, 치커리뿌리 추출물, 철 단백질화합물, 아연 단백질화합물 등",
        "성분구성": "조단백 10.0%이상, 조지방 3.0%이상, 조섬유 0.5%이하, 조회분 4.0%이하, 조수분 78.0%이하, 칼슘 0.4%이상, 인 0.3%이상",
        "현재 재고 수량": "15개",
        "소비자 상담 전화": "마마캣 고객센터 (1544-6141)"
    },
    {
        "id": 711,
        "name": "웰니스 코어 그레인프리 캣 주식캔 살몬&화이트피쉬&해링 캔드 캣 156g × 5개",
        "image": "https://mamacat.co.kr/web/product/big/20191212/779841c06a17efcc8e2e847fbc8c6685.jpg",
        "가격정책": "최저마진",
        "유통기한": "2022.02.22.",
        "정상 소비자가": "21,000원",
        "마마캣 판매가": "15,900원",
        "원산지": "미국",
        "제조자 | 수입자": "WellPet LLC | 유한양행",
        "사용 연령": "4개월 이상 추천",
        "100g 가격": "2,038원",
        "포장단위별 용량, 수량": "156g × 5개",
        "법에 의한 인증 및 허가": "사료관리법에 따른 수입신고를 필함",
        "원료구성": "흰살생선, 연어 브로스, 연어, 참치, 청어, 건조 분쇄 감자, 카놀라 오일, 분쇄 아마씨, 카라기난, 구아검, 연어오일, 크랜베리, 염화칼륨, 타우린, 식염, 염화콜린, 건조켈프, 유카추출물, 치커리뿌리 추출물, 철 단백질화합물, 아연 단백질화합물 등",
        "성분구성": "조단백 10.0%이상, 조지방 3.0%이상, 조섬유 0.5%이하, 조회분 4.0%이하, 조수분 78.0%이하, 칼슘 0.4%이상, 인 0.3%이상",
        "현재 재고 수량": "12개",
        "소비자 상담 전화": "마마캣 고객센터 (1544-6141)"
    },
    {
        "id": 712,
        "name": "웰니스 코어 그레인프리 캣 주식캔 살몬&화이트피쉬&해링 캔드 캣 156g",
        "image": "https://mamacat.co.kr/web/product/big/20191212/6b3120b7b2ed2dd7a3c6e54f66e3c837.jpg",
        "가격정책": "최저마진",
        "유통기한": "2022.02.22.",
        "정상 소비자가": "4,200원",
        "마마캣 판매가": "4,200원",
        "원산지": "미국",
        "제조자 | 수입자": "WellPet LLC | 유한양행",
        "사용 연령": "4개월 이상 추천",
        "100g 가격": "2,692원",
        "포장단위별 용량, 수량": "156g",
        "법에 의한 인증 및 허가": "사료관리법에 따른 수입신고를 필함",
        "원료구성": "흰살생선, 연어 브로스, 연어, 참치, 청어, 건조 분쇄 감자, 카놀라 오일, 분쇄 아마씨, 카라기난, 구아검, 연어오일, 크랜베리, 염화칼륨, 타우린, 식염, 염화콜린, 건조켈프, 유카추출물, 치커리뿌리 추출물, 철 단백질화합물, 아연 단백질화합물 등",
        "성분구성": "조단백 10.0%이상, 조지방 3.0%이상, 조섬유 0.5%이하, 조회분 4.0%이하, 조수분 78.0%이하, 칼슘 0.4%이상, 인 0.3%이상",
        "현재 재고 수량": "24개",
        "소비자 상담 전화": "마마캣 고객센터 (1544-6141)"
    },
    {
        "id": 713,
        "name": "웰니스 코어 그레인프리 캣 주식캔 시그니쳐 셀렉트 슈레드 3종 맛보기 79g × 3개",
        "image": "https://mamacat.co.kr/web/product/big/20191212/986165331fe98de58f6b7647e1f81877.jpg",
        "가격정책": "최저마진",
        "유통기한": "각 상품 상세페이지 참고",
        "정상 소비자가": "9,000원",
        "마마캣 판매가": "7,020원",
        "원산지": "미국",
        "제조자 | 수입자": "WellPet LLC | 유한양행",
        "사용 연령": "4개월 이상 추천",
        "100g 가격": "2,962원",
        "포장단위별 용량, 수량": "79g × 3개",
        "법에 의한 인증 및 허가": "사료관리법에 따른 수입신고를 필함",
        "원료구성": "상세페이지 참고",
        "성분구성": "상세페이지 참고",
        "현재 재고 수량": "16개",
        "소비자 상담 전화": "마마캣 고객센터 (1544-6141)"
    },
    {
        "id": 714,
        "name": "웰니스 코어 그레인프리 캣 주식캔 시그니쳐 셀렉트 슈레드 닭고기와 닭간 79g",
        "image": "https://mamacat.co.kr/web/product/big/20200117/d4c35e6c794123cfd8eb6c512710396a.jpg",
        "가격정책": "최저마진",
        "유통기한": "2023.09.25.",
        "정상 소비자가": "3,000원",
        "마마캣 판매가": "2,380원",
        "원산지": "미국",
        "제조자 | 수입자": "WellPet LLC | 유한양행",
        "사용 연령": "4개월 이상 추천",
        "100g 가격": "3,051원",
        "포장단위별 용량, 수량": "79g",
        "법에 의한 인증 및 허가": "사료관리법에 따른 수입신고를 필함",
        "원료구성": "뼈를 발라낸 닭고기, 닭고기 육수, 타피오카 전분, 감자 전분, 닭간, 해바라기씨유 등",
        "성분구성": "조단백 8.0% 이상, 조지방 2.0%이상, 조섬유 1.5%이하, 조회분 3.0%이하, 조수분 85.0% 이하, 칼슘 0.6%이상, 인 0.5%이상",
        "현재 재고 수량": "57개",
        "소비자 상담 전화": "마마캣 고객센터 (1544-6141)"
    },
    {
        "id": 715,
        "name": "웰니스 코어 그레인프리 캣 주식캔 시그니쳐 셀렉트 슈레드 닭고기와 닭간 79g × 12개",
        "image": "https://mamacat.co.kr/web/product/big/20200117/33da1d2e587dd38666c2e126d031b615.jpg",
        "가격정책": "최저마진",
        "유통기한": "2023.09.25.",
        "정상 소비자가": "36,000원",
        "마마캣 판매가": "26,980원",
        "원산지": "미국",
        "제조자 | 수입자": "WellPet LLC | 유한양행",
        "사용 연령": "4개월 이상 추천",
        "100g 가격": "2,846원",
        "포장단위별 용량, 수량": "79g × 12개",
        "법에 의한 인증 및 허가": "사료관리법에 따른 수입신고를 필함",
        "원료구성": "뼈를 발라낸 닭고기, 닭고기 육수, 타피오카 전분, 감자 전분, 닭간, 해바라기씨유 등",
        "성분구성": "조단백 8.0% 이상, 조지방 2.0%이상, 조섬유 1.5%이하, 조회분 3.0%이하, 조수분 85.0% 이하, 칼슘 0.6%이상, 인 0.5%이상",
        "현재 재고 수량": "8개",
        "소비자 상담 전화": "마마캣 고객센터 (1544-6141)"
    },
    {
        "id": 716,
        "name": "웰니스 코어 그레인프리 캣 주식캔 시그니쳐 셀렉트 슈레드 닭고기와 소고기 79g",
        "image": "https://mamacat.co.kr/web/product/big/20200117/cef5c47685dde1729590346ae48703df.jpg",
        "가격정책": "최저마진",
        "유통기한": "2023.11.25.",
        "정상 소비자가": "3,000원",
        "마마캣 판매가": "2,380원",
        "원산지": "미국",
        "제조자 | 수입자": "WellPet LLC | 유한양행",
        "사용 연령": "4개월 이상 추천",
        "100g 가격": "3,051원",
        "포장단위별 용량, 수량": "79g",
        "법에 의한 인증 및 허가": "사료관리법에 따른 수입신고를 필함",
        "원료구성": "뼈를 발라낸 닭고기, 닭고기 육수, 타피오카 전분, 감자 전분, 소고기, 해바라기씨유 등",
        "성분구성": "조단백 8.0% 이상, 조지방 2.0%이상, 조섬유 1.5%이하, 조회분 3.0%이하, 조수분 85.0% 이하, 칼슘 0.6%이상, 인 0.5%이상",
        "현재 재고 수량": "18개",
        "소비자 상담 전화": "마마캣 고객센터 (1544-6141)"
    },
    {
        "id": 717,
        "name": "웰니스 코어 그레인프리 캣 주식캔 시그니쳐 셀렉트 슈레드 닭고기와 소고기 79g × 12개",
        "image": "https://mamacat.co.kr/web/product/big/20200117/5bf1512da60ca9e7429467e32eebbcc2.jpg",
        "가격정책": "최저마진",
        "유통기한": "2023.11.25.",
        "정상 소비자가": "36,000원",
        "마마캣 판매가": "26,980원",
        "원산지": "미국",
        "제조자 | 수입자": "WellPet LLC | 유한양행",
        "사용 연령": "4개월 이상 추천",
        "100g 가격": "2,846원",
        "포장단위별 용량, 수량": "79g × 12개",
        "법에 의한 인증 및 허가": "사료관리법에 따른 수입신고를 필함",
        "원료구성": "뼈를 발라낸 닭고기, 닭고기 육수, 타피오카 전분, 감자 전분, 소고기, 해바라기씨유 등",
        "성분구성": "조단백 8.0% 이상, 조지방 2.0%이상, 조섬유 1.5%이하, 조회분 3.0%이하, 조수분 85.0% 이하, 칼슘 0.6%이상, 인 0.5%이상",
        "현재 재고 수량": "4개",
        "소비자 상담 전화": "마마캣 고객센터 (1544-6141)"
    },
    {
        "id": 718,
        "name": "웰니스 코어 그레인프리 캣 주식캔 시그니쳐 셀렉트 슈레드 닭고기와 칠면조 79g",
        "image": "https://mamacat.co.kr/web/product/big/20200117/ef43fee94c80fd57578c6963afe7ba12.jpg",
        "가격정책": "최저마진",
        "유통기한": "2023.10.16.",
        "정상 소비자가": "3,000원",
        "마마캣 판매가": "2,380원",
        "원산지": "미국",
        "제조자 | 수입자": "WellPet LLC | 유한양행",
        "사용 연령": "4개월 이상 추천",
        "100g 가격": "3,051원",
        "포장단위별 용량, 수량": "79g",
        "법에 의한 인증 및 허가": "사료관리법에 따른 수입신고를 필함",
        "원료구성": "뼈를 발라낸 닭고기, 닭고기 육수, 타피오카 전분, 감자 전분, 칠면조, 해바라기씨유 등",
        "성분구성": "조단백 8.0% 이상, 조지방 2.0%이상, 조섬유 1.5%이하, 조회분 3.0%이하, 조수분 85.0% 이하, 칼슘 0.6%이상, 인 0.5%이상",
        "현재 재고 수량": "27개",
        "소비자 상담 전화": "마마캣 고객센터 (1544-6141)"
    },
    {
        "id": 719,
        "name": "웰니스 코어 그레인프리 캣 주식캔 시그니쳐 셀렉트 슈레드 닭고기와 칠면조 79g × 12개",
        "image": "https://mamacat.co.kr/web/product/big/20200117/50bf6cbee376d229516d9440b3572e58.jpg",
        "가격정책": "최저마진",
        "유통기한": "2023.10.16.",
        "정상 소비자가": "36,000원",
        "마마캣 판매가": "26,980원",
        "원산지": "미국",
        "제조자 | 수입자": "WellPet LLC | 유한양행",
        "사용 연령": "4개월 이상 추천",
        "100g 가격": "2,846원",
        "포장단위별 용량, 수량": "79g × 12개",
        "법에 의한 인증 및 허가": "사료관리법에 따른 수입신고를 필함",
        "원료구성": "뼈를 발라낸 닭고기, 닭고기 육수, 타피오카 전분, 감자 전분, 칠면조, 해바라기씨유 등",
        "성분구성": "조단백 8.0% 이상, 조지방 2.0%이상, 조섬유 1.5%이하, 조회분 3.0%이하, 조수분 85.0% 이하, 칼슘 0.6%이상, 인 0.5%이상",
        "현재 재고 수량": "7개",
        "소비자 상담 전화": "마마캣 고객센터 (1544-6141)"
    },
    {
        "id": 720,
        "name": "웰니스 코어 그레인프리 캣 주식캔 시그니쳐 셀렉트 청키 닭고기와 연어 79g",
        "image": "https://mamacat.co.kr/web/product/big/20200117/df87286dadf72b1ecf0c7e846f9582b4.jpg",
        "가격정책": "최저마진",
        "유통기한": "2023.09.22.",
        "정상 소비자가": "3,000원",
        "마마캣 판매가": "2,380원",
        "원산지": "미국",
        "제조자 | 수입자": "WellPet LLC | 유한양행",
        "사용 연령": "4개월 이상 추천",
        "100g 가격": "3,051원",
        "포장단위별 용량, 수량": "79g",
        "법에 의한 인증 및 허가": "사료관리법에 따른 수입신고를 필함",
        "원료구성": "뼈를 발라낸 닭고기, 닭고기 육수, 감자 전분, 달걀, 연어, 해바라기씨유 등",
        "성분구성": "조단백 5.0% 이상, 조지방 2.0%이상, 조섬유 1.5%이하, 조회분 3.0%이하, 조수분 85.0% 이하, 칼슘 0.6%이상, 인 0.5%이상",
        "현재 재고 수량": "19개",
        "소비자 상담 전화": "마마캣 고객센터 (1544-6141)"
    },
    {
        "id": 721,
        "name": "웰니스 코어 그레인프리 캣 주식캔 시그니쳐 셀렉트 청키 닭고기와 연어 79g × 12개",
        "image": "https://mamacat.co.kr/web/product/big/20200117/679c1a483e93125c4e85a71264879480.jpg",
        "가격정책": "최저마진",
        "유통기한": "2023.09.22.",
        "정상 소비자가": "36,000원",
        "마마캣 판매가": "26,980원",
        "원산지": "미국",
        "제조자 | 수입자": "WellPet LLC | 유한양행",
        "사용 연령": "4개월 이상 추천",
        "100g 가격": "2,846원",
        "포장단위별 용량, 수량": "79g × 12개",
        "법에 의한 인증 및 허가": "사료관리법에 따른 수입신고를 필함",
        "원료구성": "뼈를 발라낸 닭고기, 닭고기 육수, 감자 전분, 달걀, 연어, 해바라기씨유 등",
        "성분구성": "조단백 5.0% 이상, 조지방 2.0%이상, 조섬유 1.5%이하, 조회분 3.0%이하, 조수분 85.0% 이하, 칼슘 0.6%이상, 인 0.5%이상",
        "현재 재고 수량": "11개",
        "소비자 상담 전화": "마마캣 고객센터 (1544-6141)"
    },
    {
        "id": 722,
        "name": "웰니스 코어 그레인프리 캣 주식캔 시그니쳐 셀렉트 청키 소고기와 닭고기 79g",
        "image": "https://mamacat.co.kr/web/product/big/20200117/0a3173dc3122f85fc15d37a8200b1505.jpg",
        "가격정책": "최저마진",
        "유통기한": "2023.07.21.",
        "정상 소비자가": "3,000원",
        "마마캣 판매가": "2,380원",
        "원산지": "미국",
        "사용 연령": "4개월 이상 추천",
        "100g 가격": "3,051원",
        "포장단위별 용량, 수량": "79g",
        "법에 의한 인증 및 허가": "사료관리법에 따른 수입신고를 필함",
        "현재 재고 수량": "17개",
        "소비자 상담 전화": "마마캣 고객센터 (1544-6141)"
    },
    {
        "id": 723,
        "name": "웰니스 코어 그레인프리 캣 주식캔 시그니쳐 셀렉트 청키 소고기와 닭고기 79g × 12개",
        "image": "https://mamacat.co.kr/web/product/big/20200117/36609b9a638f89ee48f8c185b4212000.jpg",
        "가격정책": "최저마진",
        "유통기한": "2023.07.21.",
        "정상 소비자가": "36,000원",
        "마마캣 판매가": "26,980원",
        "원산지": "미국",
        "사용 연령": "4개월 이상 추천",
        "100g 가격": "2,846원",
        "포장단위별 용량, 수량": "79g × 12개",
        "법에 의한 인증 및 허가": "사료관리법에 따른 수입신고를 필함",
        "현재 재고 수량": "15개",
        "소비자 상담 전화": "마마캣 고객센터 (1544-6141)"
    },
    {
        "id": 724,
        "name": "웰니스 코어 그레인프리 캣 주식캔 시그니쳐 셀렉트 플레이크 2종 맛보기 79g × 2개",
        "image": "https://mamacat.co.kr/web/product/big/20191212/a36aa1e61c8e95f06954b0de159a11ab.jpg",
        "가격정책": "최저마진",
        "유통기한": "각 상품 상세페이지 참고",
        "정상 소비자가": "6,000원",
        "마마캣 판매가": "4,680원",
        "원산지": "미국",
        "제조자 | 수입자": "WellPet LLC | 유한양행",
        "사용 연령": "4개월 이상 추천",
        "100g 가격": "2,962원",
        "포장단위별 용량, 수량": "79g × 2개",
        "법에 의한 인증 및 허가": "사료관리법에 따른 수입신고를 필함",
        "원료구성": "상세페이지 참고",
        "성분구성": "상세페이지 참고",
        "현재 재고 수량": "68개",
        "소비자 상담 전화": "마마캣 고객센터 (1544-6141)"
    },
    {
        "id": 725,
        "name": "웰니스 코어 그레인프리 캣 주식캔 시그니쳐 셀렉트 플레이크 참치와 새우 79g",
        "image": "https://mamacat.co.kr/web/product/big/20200117/857ca524b343f641356fb2586fa35351.jpg",
        "가격정책": "최저마진",
        "유통기한": "2023.09.29.",
        "정상 소비자가": "3,000원",
        "마마캣 판매가": "2,380원",
        "원산지": "미국",
        "제조자 | 수입자": "WellPet LLC | 유한양행",
        "사용 연령": "4개월 이상 추천",
        "100g 가격": "3,051원",
        "포장단위별 용량, 수량": "79g",
        "법에 의한 인증 및 허가": "사료관리법에 따른 수입신고를 필함",
        "원료구성": "참치, 참치 육수, 정제수, 청어, 새우, 타피오카 전분, 해바라기씨유 등",
        "성분구성": "조단백 10.0% 이상, 조지방 3.0%이상, 조섬유 1.0%이하, 조회분 2.0%이하, 조수분 85.0% 이하, 칼슘 0.6%이상, 인 0.5%이상",
        "현재 재고 수량": "55개",
        "소비자 상담 전화": "마마캣 고객센터 (1544-6141)"
    },
    {
        "id": 726,
        "name": "웰니스 코어 그레인프리 캣 주식캔 시그니쳐 셀렉트 플레이크 참치와 새우 79g × 12개",
        "image": "https://mamacat.co.kr/web/product/big/20200117/3e056f91a54c18c716b08187279efd28.jpg",
        "가격정책": "최저마진",
        "유통기한": "2023.09.29.",
        "정상 소비자가": "36,000원",
        "마마캣 판매가": "26,980원",
        "원산지": "미국",
        "제조자 | 수입자": "WellPet LLC | 유한양행",
        "사용 연령": "4개월 이상 추천",
        "100g 가격": "2,846원",
        "포장단위별 용량, 수량": "79g × 12개",
        "법에 의한 인증 및 허가": "사료관리법에 따른 수입신고를 필함",
        "원료구성": "참치, 참치 육수, 정제수, 청어, 새우, 타피오카 전분, 해바라기씨유 등",
        "성분구성": "조단백 10.0% 이상, 조지방 3.0%이상, 조섬유 1.0%이하, 조회분 2.0%이하, 조수분 85.0% 이하, 칼슘 0.6%이상, 인 0.5%이상",
        "현재 재고 수량": "26개",
        "소비자 상담 전화": "마마캣 고객센터 (1544-6141)"
    },
    {
        "id": 727,
        "name": "웰니스 코어 그레인프리 캣 주식캔 시그니쳐 셀렉트 플레이크 참치와 연어 79g",
        "image": "https://mamacat.co.kr/web/product/big/20200117/5df42e1e409e4e024aa086490431cdb8.jpg",
        "가격정책": "최저마진",
        "유통기한": "2023.09.26.",
        "정상 소비자가": "3,000원",
        "마마캣 판매가": "2,380원",
        "원산지": "미국",
        "제조자 | 수입자": "WellPet LLC | 유한양행",
        "사용 연령": "4개월 이상 추천",
        "100g 가격": "3,051원",
        "포장단위별 용량, 수량": "79g",
        "법에 의한 인증 및 허가": "사료관리법에 따른 수입신고를 필함",
        "원료구성": "참치, 참치 육수, 청어, 연어, 타피오카 전분, 해바라기씨유 등",
        "성분구성": "조단백 10.0% 이상, 조지방 3.5%이상, 조섬유 1.0%이하, 조수분 85.0% 이하, 칼슘 0.6%이상, 인 0.5%이상",
        "현재 재고 수량": "78개",
        "소비자 상담 전화": "마마캣 고객센터 (1544-6141)"
    },
    {
        "id": 728,
        "name": "웰니스 코어 그레인프리 캣 주식캔 시그니쳐 셀렉트 플레이크 참치와 연어 79g × 12개",
        "image": "https://mamacat.co.kr/web/product/big/20200117/b7730fdb2f069a78f932f1e59faf763f.jpg",
        "가격정책": "최저마진",
        "유통기한": "2023.09.26.",
        "정상 소비자가": "36,000원",
        "마마캣 판매가": "26,980원",
        "원산지": "미국",
        "제조자 | 수입자": "WellPet LLC | 유한양행",
        "사용 연령": "4개월 이상 추천",
        "100g 가격": "2,846원",
        "포장단위별 용량, 수량": "79g × 12개",
        "법에 의한 인증 및 허가": "사료관리법에 따른 수입신고를 필함",
        "원료구성": "참치, 참치 육수, 청어, 연어, 타피오카 전분, 해바라기씨유 등",
        "성분구성": "조단백 10.0% 이상, 조지방 3.5%이상, 조섬유 1.0%이하, 조수분 85.0% 이하, 칼슘 0.6%이상, 인 0.5%이상",
        "현재 재고 수량": "15개",
        "소비자 상담 전화": "마마캣 고객센터 (1544-6141)"
    },
    {
        "id": 729,
        "name": "웰니스 코어 그레인프리 캣 주식파우치 헬시 인덜전스 그레이비 2종 맛보기 85g × 2개",
        "image": "https://mamacat.co.kr/web/product/big/20191212/5f79b17d537466a400d7e37870c8ddf2.jpg",
        "가격정책": "최저마진",
        "유통기한": "각 상품 상세페이지 참고",
        "정상 소비자가": "5,000원",
        "마마캣 판매가": "3,570원",
        "원산지": "태국",
        "제조자 | 수입자": "SEAPAC Ltd | 유한양행",
        "사용 연령": "3개월 이상 추천",
        "100g 가격": "2,100원",
        "포장단위별 용량, 수량": "85g × 2개",
        "법에 의한 인증 및 허가": "사료관리법에 따른 수입신고를 필함",
        "원료구성": "상세페이지 참고",
        "성분구성": "상세페이지 참고",
        "현재 재고 수량": "15개",
        "소비자 상담 전화": "마마캣 고객센터 (1544-6141)"
    },
    {
        "id": 730,
        "name": "웰니스 코어 그레인프리 캣 주식파우치 헬시 인덜전스 그레이비 닭고기와 칠면조 85g",
        "image": "https://mamacat.co.kr/web/product/big/20191212/4ea78a51336b91a5037302d4c78dd1d4.jpg",
        "가격정책": "최저마진",
        "유통기한": "2022.08.28.",
        "정상 소비자가": "2,500원",
        "마마캣 판매가": "1,880원",
        "원산지": "태국",
        "제조자 | 수입자": "SEAPAC Ltd | 유한양행",
        "사용 연령": "3개월 이상 추천",
        "100g 가격": "2,212원",
        "포장단위별 용량, 수량": "85g",
        "법에 의한 인증 및 허가": "사료관리법에 따른 수입신고를 필함",
        "원료구성": "닭고기육수, 정제수, 닭고기, 칠면조고기, 감자전분, 달걀, 당근, 닭간, 천연향, 식염, 구아검, 제삼인산칼슘, 염화칼륨, 타우린, 황산마그네슘, 비타민, 크랜베리, 블루베리, 백색고구마, 잔탄검, 염화콜린, 아미노산킬레이트, 요오드화칼륨, 소듐셀레니트",
        "성분구성": "조단백 4.0% 이상, 조지방 2.0% 이상, 조섬유 1.0% 이하, 조회분 2.0% 이하, 칼슘 0.12% 이상, 인 0.10% 이상, 수분 85.0% 이하",
        "현재 재고 수량": "41개",
        "소비자 상담 전화": "마마캣 고객센터 (1544-6141)"
    },
    {
        "id": 731,
        "name": "웰니스 코어 그레인프리 캣 주식파우치 헬시 인덜전스 그레이비 참치와 고등어 85g",
        "image": "https://mamacat.co.kr/web/product/big/20191212/32d940ed322a786bc13720edc2afdf23.jpg",
        "가격정책": "최저마진",
        "유통기한": "2022.07.29.",
        "정상 소비자가": "2,500원",
        "마마캣 판매가": "1,880원",
        "원산지": "태국",
        "제조자 | 수입자": "SEAPAC Ltd | 유한양행",
        "사용 연령": "3개월 이상 추천",
        "100g 가격": "2,212원",
        "포장단위별 용량, 수량": "85g",
        "법에 의한 인증 및 허가": "사료관리법에 따른 수입신고를 필함",
        "원료구성": "닭고기육수, 정제수, 닭고기, 참치, 고등어, 감자전분, 달걀, 당근, 닭간, 천연향, 식염, 구아검, 제삼인산칼슘, 염화칼륨, 타우린, 황산마그네슘, 비타민, 크랜베리, 블루베리, 백색고구마, 잔탄검, 염화콜린, 아미노산킬레이트, 요오드화칼륨, 소듐셀레니트",
        "성분구성": "조단백 4.0% 이상, 조지방 2.0% 이상, 조섬유 1.0% 이하, 조회분 2.5% 이하, 칼슘 0.12% 이상, 인 0.10% 이상, 수분 85.0% 이하",
        "현재 재고 수량": "22개",
        "소비자 상담 전화": "마마캣 고객센터 (1544-6141)"
    },
    {
        "id": 732,
        "name": "웰니스 코어 그레인프리 캣 주식파우치 헬시 인덜전스 머셀 4종 맛보기 85g × 4개",
        "image": "https://mamacat.co.kr/web/product/big/20191212/957508106b2aeffdf7c22e9f82e2457f.jpg",
        "가격정책": "최저마진",
        "유통기한": "각 상품 상세페이지 참고",
        "정상 소비자가": "10,000원",
        "마마캣 판매가": "7,140원",
        "원산지": "태국",
        "제조자 | 수입자": "SEAPAC Ltd | 유한양행",
        "사용 연령": "3개월 이상 추천",
        "100g 가격": "2,100원",
        "포장단위별 용량, 수량": "85g × 4개",
        "법에 의한 인증 및 허가": "사료관리법에 따른 수입신고를 필함",
        "원료구성": "닭고기육수, 정제수, 닭고기, 연어, 참치, 감자전분, 달걀, 당근, 닭간, 천연향, 식염, 구아검, 제삼인산칼슘, 염화칼륨, 타우린, 황산마그네슘, 비타민, 크랜베리, 블루베리, 백색고구마, 잔탄검, 염화콜린, 아미노산킬레이트, 요오드화칼륨, 소듐셀레니트",
        "성분구성": "조단백 7.0% 이상, 조지방 4.0% 이상, 조섬유 1.0% 이하, 조회분 2.0% 이하, 칼슘 0.12% 이상, 인 0.10% 이상, 수분 82.0% 이하",
        "현재 재고 수량": "8개",
        "소비자 상담 전화": "마마캣 고객센터 (1544-6141)"
    },
    {
        "id": 733,
        "name": "웰니스 코어 그레인프리 캣 주식파우치 헬시 인덜전스 머셀 닭고기와 닭간 85g",
        "image": "https://mamacat.co.kr/web/product/big/20191212/ab67bd7f62204f8cab17016f89a6480b.jpg",
        "가격정책": "최저마진",
        "유통기한": "2022.09.16.",
        "정상 소비자가": "2,500원",
        "마마캣 판매가": "1,880원",
        "원산지": "태국",
        "제조자 | 수입자": "SEAPAC Ltd | 유한양행",
        "사용 연령": "3개월 이상 추천",
        "100g 가격": "2,212원",
        "포장단위별 용량, 수량": "85g",
        "법에 의한 인증 및 허가": "사료관리법에 따른 수입신고를 필함",
        "원료구성": "닭고기육수, 정제수, 닭고기, 닭간, 감자전분, 달걀, 당근, 닭간, 천연향, 식염, 구아검, 제삼인산칼슘, 염화칼륨, 타우린, 황산마그네슘, 비타민, 크랜베리, 블루베리, 백색고구마, 잔탄검, 염화콜린, 아미노산킬레이트, 요오드화칼륨, 소듐셀레니트",
        "성분구성": "조단백 7.0% 이상, 조지방 4.0% 이상, 조섬유 1.0% 이하, 조회분 2.0% 이하, 칼슘 0.12% 이상, 인 0.10% 이상, 수분 82.0% 이하",
        "현재 재고 수량": "79개",
        "소비자 상담 전화": "마마캣 고객센터 (1544-6141)"
    },
    {
        "id": 734,
        "name": "웰니스 코어 그레인프리 캣 주식파우치 헬시 인덜전스 머셀 닭고기와 연어 85g",
        "image": "https://mamacat.co.kr/web/product/big/20191212/a6e4ff18593f5b1c83c2f0e1c8571d4f.jpg",
        "가격정책": "최저마진",
        "유통기한": "2022.09.24.",
        "정상 소비자가": "2,500원",
        "마마캣 판매가": "1,880원",
        "원산지": "태국",
        "제조자 | 수입자": "SEAPAC Ltd | 유한양행",
        "사용 연령": "3개월 이상 추천",
        "100g 가격": "2,212원",
        "포장단위별 용량, 수량": "85g",
        "법에 의한 인증 및 허가": "사료관리법에 따른 수입신고를 필함",
        "원료구성": "닭고기육수, 정제수, 닭고기, 연어, 감자전분, 달걀, 당근, 닭간, 천연향, 식염, 구아검, 제삼인산칼슘, 염화칼륨, 타우린, 황산마그네슘, 비타민, 크랜베리, 블루베리, 백색고구마, 잔탄검, 염화콜린, 아미노산킬레이트, 요오드화칼륨, 소듐셀레니트",
        "성분구성": "조단백 7.0% 이상, 조지방 4.0% 이상, 조섬유 1.0% 이하, 조회분 2.0% 이하, 칼슘 0.12% 이상, 인 0.10% 이상, 수분 82.0% 이하",
        "현재 재고 수량": "34개",
        "소비자 상담 전화": "마마캣 고객센터 (1544-6141)"
    },
    {
        "id": 735,
        "name": "웰니스 코어 그레인프리 캣 주식파우치 헬시 인덜전스 머셀 연어와 참치 85g",
        "image": "https://mamacat.co.kr/web/product/big/20191212/718cba77e92c72965bafc4519d72d99e.jpg",
        "가격정책": "최저마진",
        "유통기한": "2022.12.14.",
        "정상 소비자가": "2,500원",
        "마마캣 판매가": "1,880원",
        "원산지": "태국",
        "제조자 | 수입자": "SEAPAC Ltd | 유한양행",
        "사용 연령": "3개월 이상 추천",
        "100g 가격": "2,212원",
        "포장단위별 용량, 수량": "85g",
        "법에 의한 인증 및 허가": "사료관리법에 따른 수입신고를 필함",
        "원료구성": "닭고기육수, 정제수, 닭고기, 연어, 참치, 감자전분, 달걀, 당근, 닭간, 천연향, 식염, 구아검, 제삼인산칼슘, 염화칼륨, 타우린, 황산마그네슘, 비타민, 크랜베리, 블루베리, 백색고구마, 잔탄검, 염화콜린, 아미노산킬레이트, 요오드화칼륨, 소듐셀레니트",
        "성분구성": "조단백 7.0% 이상, 조지방 4.0% 이상, 조섬유 1.0% 이하, 조회분 2.0% 이하, 칼슘 0.12% 이상, 인 0.10% 이상, 수분 82.0% 이하",
        "현재 재고 수량": "11개",
        "소비자 상담 전화": "마마캣 고객센터 (1544-6141)"
    },
    {
        "id": 736,
        "name": "웰니스 코어 그레인프리 캣 주식파우치 헬시 인덜전스 머셀 참치 85g",
        "image": "https://mamacat.co.kr/web/product/big/20191212/7899d6bd1487ac2a5bcda89d1bd77de2.jpg",
        "가격정책": "최저마진",
        "유통기한": "2022.10.17.",
        "정상 소비자가": "2,500원",
        "마마캣 판매가": "1,880원",
        "원산지": "태국",
        "제조자 | 수입자": "SEAPAC Ltd | 유한양행",
        "사용 연령": "3개월 이상 추천",
        "100g 가격": "2,212원",
        "포장단위별 용량, 수량": "85g",
        "법에 의한 인증 및 허가": "사료관리법에 따른 수입신고를 필함",
        "원료구성": "닭고기육수, 정제수, 닭고기, 참치, 감자전분, 달걀, 당근, 닭간, 천연향, 식염, 구아검, 제삼인산칼슘, 염화칼륨, 타우린, 황산마그네슘, 비타민, 크랜베리, 블루베리, 백색고구마, 잔탄검, 염화콜린, 아미노산킬레이트, 요오드화칼륨, 소듐셀레니트",
        "성분구성": "조단백 7.0% 이상, 조지방 4.0% 이상, 조섬유 1.0% 이하, 조회분 2.0% 이하, 칼슘 0.12% 이상, 인 0.10% 이상, 수분 82.0% 이하",
        "현재 재고 수량": "44개",
        "소비자 상담 전화": "마마캣 고객센터 (1544-6141)"
    },
    {
        "id": 737,
        "name": "웰니스 코어 그레인프리 캣 주식파우치 헬시 인덜전스 슈레드 2종 맛보기 85g × 2개",
        "image": "https://mamacat.co.kr/web/product/big/20191212/7c8217d5a026576e098e77ae015ee920.jpg",
        "가격정책": "최저마진",
        "유통기한": "각 상품 상세페이지 참고",
        "정상 소비자가": "5,000원",
        "마마캣 판매가": "3,570원",
        "원산지": "태국",
        "제조자 | 수입자": "SEAPAC Ltd | 유한양행",
        "사용 연령": "3개월 이상 추천",
        "100g 가격": "2,100원",
        "포장단위별 용량, 수량": "85g × 2개",
        "법에 의한 인증 및 허가": "사료관리법에 따른 수입신고를 필함",
        "원료구성": "상세페이지 참고",
        "성분구성": "상세페이지 참고",
        "현재 재고 수량": "10개",
        "소비자 상담 전화": "마마캣 고객센터 (1544-6141)"
    },
    {
        "id": 738,
        "name": "웰니스 코어 그레인프리 캣 주식파우치 헬시 인덜전스 슈레드 가다랑어와 새우 85g",
        "image": "https://mamacat.co.kr/web/product/big/20191212/81ae293b969c1b8e022d3e0c5b148d41.jpg",
        "가격정책": "최저마진",
        "유통기한": "2022.02.12.",
        "정상 소비자가": "2,500원",
        "마마캣 판매가": "1,880원",
        "원산지": "태국",
        "제조자 | 수입자": "SEAPAC Ltd | 유한양행",
        "사용 연령": "3개월 이상 추천",
        "100g 가격": "2,212원",
        "포장단위별 용량, 수량": "85g",
        "법에 의한 인증 및 허가": "사료관리법에 따른 수입신고를 필함",
        "원료구성": "닭고기육수, 정제수, 닭고기, 참치, 고등어, 감자전분, 달걀, 당근, 닭간, 천연향, 식염, 구아검, 제삼인산칼슘, 염화칼륨, 타우린, 황산마그네슘, 비타민, 크랜베리, 블루베리, 백색고구마, 잔탄검, 염화콜린, 아미노산킬레이트, 요오드화칼륨, 소듐셀레니트",
        "성분구성": "조단백 4.0% 이상, 조지방 2.0% 이상, 조섬유 1.0% 이하, 조회분 2.5% 이하, 칼슘 0.12% 이상, 인 0.10% 이상, 수분 85.0% 이하",
        "현재 재고 수량": "22개",
        "소비자 상담 전화": "마마캣 고객센터 (1544-6141)"
    },
    {
        "id": 739,
        "name": "웰니스 코어 그레인프리 캣 주식파우치 헬시 인덜전스 슈레드 닭고기와 칠면조 85g",
        "image": "https://mamacat.co.kr/web/product/big/20191212/3ce12ce9357958f3a7a5c198b3f3b7e9.jpg",
        "가격정책": "최저마진",
        "유통기한": "2023.09.16.",
        "정상 소비자가": "2,500원",
        "마마캣 판매가": "1,880원",
        "원산지": "태국",
        "제조자 | 수입자": "SEAPAC Ltd | 유한양행",
        "사용 연령": "3개월 이상 추천",
        "100g 가격": "2,212원",
        "포장단위별 용량, 수량": "85g",
        "법에 의한 인증 및 허가": "사료관리법에 따른 수입신고를 필함",
        "원료구성": "닭고기육수, 정제수, 닭고기, 칠면조고기, 감자전분, 달걀, 당근, 닭간, 천연향, 식염, 구아검, 제삼인산칼슘, 염화칼륨, 타우린, 황산마그네슘, 비타민, 크랜베리, 블루베리, 백색고구마, 잔탄검, 염화콜린, 아미노산킬레이트, 요오드화칼륨, 소듐셀레니트",
        "성분구성": "조단백 4.0% 이상, 조지방 2.0% 이상, 조섬유 1.0% 이하, 조회분 2.5% 이하, 칼슘 0.12% 이상, 인 0.10% 이상, 수분 85.0% 이하",
        "현재 재고 수량": "21개",
        "소비자 상담 전화": "마마캣 고객센터 (1544-6141)"
    },
    {
        "id": 740,
        "name": "웰츠 바삭 미니 동결건조 4종 맛보기 40g × 1개 / 50g × 3개",
        "image": "https://mamacat.co.kr/web/product/big/20200417/aa20721e5f742c7a77711951fc3527cc.jpg",
        "가격정책": "마마캣 회원등급 할인 상품",
        "유통기한": "2022.03.29",
        "정상 소비자가": "32,000원",
        "마마캣 판매가": "32,000원",
        "가장 높은 회원등급 할인 적용시 구매가": "30,400원 (최대 1,600원 할인)",
        "원산지": "대한민국",
        "제조자 | 수입자": "㈜오션 | ㈜이리온",
        "사용 연령": "전연령 (3개월 이상)",
        "100g 가격": "16,621원",
        "포장단위별 용량, 수량": "40g × 1개 / 50g × 3개",
        "법에 의한 인증 및 허가": "사료관리법에 따른 수입신고를 필함",
        "원료구성": "각 상세페이지 참조",
        "성분구성": "각 상세페이지 참조",
        "현재 재고 수량": "7개",
        "소비자 상담 전화": "마마캣 고객센터 (1544-6141)",
        "제품 포장 유형": "비닐 (지퍼팩)",
        "제품 보관방법": "직사광선을 피해 실온보관"
    },
    {
        "id": 741,
        "name": "웰츠 바삭 미니 동결건조 닭가슴살 50g",
        "image": "https://mamacat.co.kr/web/product/big/20200417/c2f24f4ef177c7fdf5ff4a784107ad91.jpg",
        "가격정책": "마마캣 회원등급 할인 상품",
        "유통기한": "2022.01.25.",
        "정상 소비자가": "8,000원",
        "마마캣 판매가": "8,000원",
        "가장 높은 회원등급 할인 적용시 구매가": "7,600원 (최대 400원 할인)",
        "원산지": "대한민국",
        "제조자 | 수입자": "㈜오션 | ㈜이리온",
        "사용 연령": "전연령 (3개월 이상)",
        "100g 가격": "16,000원",
        "포장단위별 용량, 수량": "50g",
        "법에 의한 인증 및 허가": "사료관리법에 따른 수입신고를 필함",
        "원료구성": "국내산 닭가슴살 100%",
        "성분구성": "조단백질 70%이상, 조지방 6%이하, 조회분 8%이하, 수분 15%이하",
        "현재 재고 수량": "16개",
        "소비자 상담 전화": "마마캣 고객센터 (1544-6141)",
        "제품 포장 유형": "비닐 (지퍼팩)",
        "제품 보관방법": "직사광선을 피해 실온보관"
    },
    {
        "id": 742,
        "name": "웰츠 바삭 미니 동결건조 연어 50g",
        "image": "https://mamacat.co.kr/web/product/big/20200417/64860c2b2dddfa41b8cfd3d13c138ba3.jpg",
        "가격정책": "마마캣 회원등급 할인 상품",
        "유통기한": "2021.11.27.",
        "정상 소비자가": "8,000원",
        "마마캣 판매가": "8,000원",
        "가장 높은 회원등급 할인 적용시 구매가": "7,600원 (최대 400원 할인)",
        "원산지": "대한민국",
        "제조자 | 수입자": "㈜오션 | ㈜이리온",
        "사용 연령": "전연령 (3개월 이상)",
        "100g 가격": "16,000원",
        "포장단위별 용량, 수량": "50g",
        "법에 의한 인증 및 허가": "사료관리법에 따른 수입신고를 필함",
        "원료구성": "알레스카 자연산 연어 100%",
        "성분구성": "조단백질 75%이상, 조지방 7%이하, 조회분 10%이하, 수분 4%이하",
        "현재 재고 수량": "13개",
        "소비자 상담 전화": "마마캣 고객센터 (1544-6141)",
        "제품 포장 유형": "비닐 (지퍼팩)",
        "제품 보관방법": "직사광선을 피해 실온보관"
    },
    {
        "id": 743,
        "name": "웰츠 바삭 미니 동결건조 오리 가슴살 50g",
        "image": "https://mamacat.co.kr/web/product/big/20200417/55dbe8f2dbe9740856183fdd9ce84ce2.jpg",
        "가격정책": "마마캣 회원등급 할인 상품",
        "유통기한": "2021.11.27.",
        "정상 소비자가": "8,000원",
        "마마캣 판매가": "8,000원",
        "가장 높은 회원등급 할인 적용시 구매가": "7,600원 (최대 400원 할인)",
        "원산지": "대한민국",
        "제조자 | 수입자": "㈜오션 | ㈜이리온",
        "사용 연령": "전연령 (3개월 이상)",
        "100g 가격": "16,000원",
        "포장단위별 용량, 수량": "50g",
        "법에 의한 인증 및 허가": "사료관리법에 따른 수입신고를 필함",
        "원료구성": "국내산 오리 100%",
        "성분구성": "조단백질 70%이상, 조지방 6%이하, 조회분 8%이하, 수분 15%이하",
        "현재 재고 수량": "5개",
        "소비자 상담 전화": "마마캣 고객센터 (1544-6141)",
        "제품 포장 유형": "비닐 (지퍼팩)",
        "제품 보관방법": "직사광선을 피해 실온보관"
    },
    {
        "id": 744,
        "name": "웰츠 캣 어덜트 2.1kg",
        "image": "https://mamacat.co.kr/web/product/big/20191126/b92ca37745b03e368323f581efa893e5.jpg",
        "상품 간략설명": "성묘용 | 홀리스틱 (1381원/100g당)",
        "가격정책": "마마캣 회원등급 할인 상품",
        "유통기한": "2022.03.14.",
        "사료등급": "홀리스틱",
        "정상 소비자가": "29,000원",
        "마마캣 판매가": "29,000원",
        "가장 높은 회원등급 할인 적용시 구매가": "27,550원 (최대 1,450원 할인)",
        "원산지": "대한민국",
        "제조자 | 수입자": "(주) 대한사료",
        "사용 연령": "성묘용 (12개월 이상)",
        "100g 가격": "1381원",
        "포장단위별 용량, 수량": "2.1kg",
        "법에 의한 인증 및 허가": "사료관리법에 따른 수입신고를 필함",
        "원료구성": "뼈 바른 생닭고기(35%), 건조닭고기(35%), 병아리콩, 완두콩, 건조 정어리(5%), 섬유소원(정제섬유소, 비트펄프), 가수분해 닭간(5%), 천연 닭기름, 렌틸콩, 호박, 바나나, 아마씨, 천연 향미제, 연어오일, 비타민A, D3, E, B1, B2, B6, B12, 바이오틴, 엽산 등",
        "성분구성": "조단백 36% 이상, 조지방 18% 이상, 칼슘 1% 이상, 인 0.95% 이상, 조섬유 5% 이하, 조회분 9% 이하, 수분 10% 이하",
        "현재 재고 수량": "5개",
        "소비자 상담 전화": "마마캣 고객센터 (1544-6141)",
        "제품 포장 유형": "소분포장"
    },
    {
        "id": 745,
        "name": "웰츠 캣 어덜트 6kg",
        "image": "https://mamacat.co.kr/web/product/big/20191126/058bb8e540ebf545575b06155c3da8d8.jpg",
        "상품 간략설명": "성묘용 | 홀리스틱 (1117원/100g당)",
        "가격정책": "마마캣 회원등급 할인 상품",
        "유통기한": "2022.07.19.",
        "사료등급": "홀리스틱",
        "정상 소비자가": "67,000원",
        "마마캣 판매가": "67,000원",
        "가장 높은 회원등급 할인 적용시 구매가": "63,650원 (최대 3,350원 할인)",
        "원산지": "대한민국",
        "제조자 | 수입자": "(주) 대한사료",
        "사용 연령": "성묘용 (12개월 이상)",
        "100g 가격": "1117원",
        "포장단위별 용량, 수량": "6kg",
        "법에 의한 인증 및 허가": "사료관리법에 따른 수입신고를 필함",
        "원료구성": "뼈 바른 생닭고기(35%), 건조닭고기(35%), 병아리콩, 완두콩, 건조 정어리(5%), 섬유소원(정제섬유소, 비트펄프), 가수분해 닭간(5%), 천연 닭기름, 렌틸콩, 호박, 바나나, 아마씨, 천연 향미제, 연어오일, 비타민A, D3, E, B1, B2, B6, B12, 바이오틴, 엽산 등",
        "성분구성": "조단백 36% 이상, 조지방 18% 이상, 칼슘 1% 이상, 인 0.95% 이상, 조섬유 5% 이하, 조회분 9% 이하, 수분 10% 이하",
        "현재 재고 수량": "4개",
        "소비자 상담 전화": "마마캣 고객센터 (1544-6141)",
        "제품 포장 유형": "소분포장"
    },
    {
        "id": 746,
        "name": "웰츠 캣 연어 2.1kg",
        "image": "https://mamacat.co.kr/web/product/big/20191219/508a58cbc976dd6c931d15349f4eca5b.jpg",
        "상품 간략설명": "전연령 | 홀리스틱 (1524원/100g당)",
        "가격정책": "마마캣 회원등급 할인 상품",
        "유통기한": "2022.04.15.",
        "사료등급": "홀리스틱",
        "정상 소비자가": "32,000원",
        "마마캣 판매가": "32,000원",
        "가장 높은 회원등급 할인 적용시 구매가": "30,400원 (최대 1,600원 할인)",
        "원산지": "대한민국",
        "제조자 | 수입자": "(주) 대한사료",
        "사용 연령": "전연령 (3개월 이상)",
        "100g 가격": "1524원",
        "포장단위별 용량, 수량": "2.1kg",
        "법에 의한 인증 및 허가": "사료관리법에 따른 수입신고를 필함",
        "원료구성": "건조닭고기,뼈바른 생연어,뼈바른 생닭고기,병아리콩,건조정어리,고구마,완두콩,알팔파,가수분해 닭간,천연 닭기름,렌틸콩,바나나,아마씨,연어오일,비타민A.D3,E,B1,B2,B6,B12,바이오틴,엽산,판토텐산,나이아신,미네랄,타우린,베타카로틴,등",
        "성분구성": "조단백 38% 이상, 조지방 20% 이상, 칼슘 1.1% 이상, 인 1.0% 이상, 조섬유 5% 이하, 조회분 9% 이하, 수분 10% 이하",
        "현재 재고 수량": "3개",
        "소비자 상담 전화": "마마캣 고객센터 (1544-6141)",
        "제품 포장 유형": "소분포장"
    },
    {
        "id": 747,
        "name": "웰츠 캣 연어 6kg",
        "image": "https://mamacat.co.kr/web/product/big/20191219/04a53a6adb43f8d7b4c4c9ea74c67b7a.jpg",
        "상품 간략설명": "전연령 | 홀리스틱 (1233원/100g당)",
        "가격정책": "마마캣 회원등급 할인 상품",
        "유통기한": "2022.08.01.",
        "사료등급": "홀리스틱",
        "정상 소비자가": "74,000원",
        "마마캣 판매가": "74,000원",
        "가장 높은 회원등급 할인 적용시 구매가": "70,300원 (최대 3,700원 할인)",
        "원산지": "대한민국",
        "제조자 | 수입자": "(주) 대한사료",
        "사용 연령": "전연령 (3개월 이상)",
        "100g 가격": "1233원",
        "포장단위별 용량, 수량": "6kg",
        "법에 의한 인증 및 허가": "사료관리법에 따른 수입신고를 필함",
        "원료구성": "건조닭고기,뼈바른 생연어,뼈바른 생닭고기,병아리콩,건조정어리,고구마,완두콩,알팔파,가수분해 닭간,천연 닭기름,렌틸콩,바나나,아마씨,연어오일,비타민A.D3,E,B1,B2,B6,B12,바이오틴,엽산,판토텐산,나이아신,미네랄,타우린,베타카로틴,등",
        "성분구성": "조단백 38% 이상, 조지방 20% 이상, 칼슘 1.1% 이상, 인 1.0% 이상, 조섬유 5% 이하, 조회분 9% 이하, 수분 10% 이하",
        "현재 재고 수량": "2개",
        "소비자 상담 전화": "마마캣 고객센터 (1544-6141)",
        "제품 포장 유형": "소분포장"
    },
    {
        "id": 748,
        "name": "웰츠 캣 오리 2.1kg",
        "image": "https://mamacat.co.kr/web/product/big/20191219/b0116b212dc879f2e31b6f8994110726.jpg",
        "상품 간략설명": "전연령 | 홀리스틱 (1524원/100g당)",
        "가격정책": "마마캣 회원등급 할인 상품",
        "유통기한": "2022.03.21.",
        "사료등급": "홀리스틱",
        "정상 소비자가": "32,000원",
        "마마캣 판매가": "32,000원",
        "가장 높은 회원등급 할인 적용시 구매가": "30,400원 (최대 1,600원 할인)",
        "원산지": "대한민국",
        "제조자 | 수입자": "(주) 대한사료",
        "사용 연령": "전연령 (3개월 이상)",
        "100g 가격": "1524원",
        "포장단위별 용량, 수량": "2.1kg",
        "법에 의한 인증 및 허가": "사료관리법에 따른 수입신고를 필함",
        "원료구성": "닭고기분(건조 닭고기 27%), 오리(뼈 바른 생오리 25%), 닭고기(뼈 바른 생닭고기 20%), 병아리콩, 건조 정어리(5%), 고구마, 완두콩, 알팔파, 가수분해 닭간(3%), 천연 닭기름, 렌틸콩, 바나나, 아마씨, 연어오일, 코코넛오일, 비타민류, 바이오틴, 엽산, 판토텐산 등",
        "성분구성": "조단백 37% 이상, 조지방 18% 이상, 칼슘 1% 이상, 인 0.80% 이상, 조섬유 5% 이하, 조회분 9% 이하, 수분 10% 이하",
        "현재 재고 수량": "6개",
        "소비자 상담 전화": "마마캣 고객센터 (1544-6141)",
        "제품 포장 유형": "소분포장"
    },
    {
        "id": 749,
        "name": "웰츠 캣 오리 6kg",
        "image": "https://mamacat.co.kr/web/product/big/20191219/151047ad9ea4e57457c123719eca924d.jpg",
        "상품 간략설명": "전연령 | 홀리스틱 (1233원/100g당)",
        "가격정책": "마마캣 회원등급 할인 상품",
        "유통기한": "2021.11.29.",
        "사료등급": "홀리스틱",
        "정상 소비자가": "74,000원",
        "마마캣 판매가": "74,000원",
        "가장 높은 회원등급 할인 적용시 구매가": "70,300원 (최대 3,700원 할인)",
        "원산지": "대한민국",
        "제조자 | 수입자": "(주) 대한사료",
        "사용 연령": "전연령 (3개월 이상)",
        "100g 가격": "1233원",
        "포장단위별 용량, 수량": "6kg",
        "법에 의한 인증 및 허가": "사료관리법에 따른 수입신고를 필함",
        "원료구성": "닭고기분(건조 닭고기 27%), 오리(뼈 바른 생오리 25%), 닭고기(뼈 바른 생닭고기 20%), 병아리콩, 건조 정어리(5%), 고구마, 완두콩, 알팔파, 가수분해 닭간(3%), 천연 닭기름, 렌틸콩, 바나나, 아마씨, 연어오일, 코코넛오일, 비타민류, 바이오틴, 엽산, 판토텐산 등",
        "성분구성": "조단백 37% 이상, 조지방 18% 이상, 칼슘 1% 이상, 인 0.80% 이상, 조섬유 5% 이하, 조회분 9% 이하, 수분 10% 이하",
        "현재 재고 수량": "5개",
        "소비자 상담 전화": "마마캣 고객센터 (1544-6141)",
        "제품 포장 유형": "소분포장"
    },
    {
        "id": 750,
        "name": "웰츠 캣 올라이프 2.1kg",
        "image": "https://mamacat.co.kr/web/product/big/20191126/21080e1045248d6ff0cad14e4d77d17a.jpg",
        "상품 간략설명": "전연령 | 홀리스틱 (1381원/100g당)",
        "가격정책": "마마캣 회원등급 할인 상품",
        "유통기한": "2022.05.03.",
        "사료등급": "홀리스틱",
        "정상 소비자가": "29,000원",
        "마마캣 판매가": "29,000원",
        "가장 높은 회원등급 할인 적용시 구매가": "27,550원 (최대 1,450원 할인)",
        "원산지": "대한민국",
        "제조자 | 수입자": "(주) 대한사료",
        "사용 연령": "전연령 (3개월 이상)",
        "100g 가격": "1381원",
        "포장단위별 용량, 수량": "2.1kg",
        "법에 의한 인증 및 허가": "사료관리법에 따른 수입신고를 필함",
        "원료구성": "뼈 바른 생닭고기(35%), 건조닭고기(35%), 병아리콩, 건조 정어리(5%), 완두콩, 섬유소원(정제섬유소, 비트펄프), 가수분해 닭간(5%), 천연닭기름, 렌틸콩, 호박, 바나나, 아마씨, 천연 향미제, 연어오일, 비타민류, 바이오틴, 엽산, 판토텐산, 나이아신 등",
        "성분구성": "조단백 38% 이상, 조지방 19% 이상, 칼슘 1% 이상, 인 0.95% 이상, 조섬유 5% 이하, 조회분 9% 이하, 수분 10% 이하",
        "현재 재고 수량": "6개",
        "소비자 상담 전화": "마마캣 고객센터 (1544-6141)",
        "제품 포장 유형": "소분포장"
    },
    {
        "id": 751,
        "name": "웰츠 캣 올라이프 6kg",
        "image": "https://mamacat.co.kr/web/product/big/20191126/690ed5e87ee214210b424d83d1f64a65.jpg",
        "상품 간략설명": "전연령 | 홀리스틱 (1117원/100g당)",
        "가격정책": "마마캣 회원등급 할인 상품",
        "유통기한": "2022.06.13",
        "사료등급": "홀리스틱",
        "정상 소비자가": "67,000원",
        "마마캣 판매가": "67,000원",
        "가장 높은 회원등급 할인 적용시 구매가": "63,650원 (최대 3,350원 할인)",
        "원산지": "대한민국",
        "제조자 | 수입자": "(주) 대한사료",
        "사용 연령": "전연령 (3개월 이상)",
        "100g 가격": "1117원",
        "포장단위별 용량, 수량": "6kg",
        "법에 의한 인증 및 허가": "사료관리법에 따른 수입신고를 필함",
        "원료구성": "뼈 바른 생닭고기(35%), 건조닭고기(35%), 병아리콩, 건조 정어리(5%), 완두콩, 섬유소원(정제섬유소, 비트펄프), 가수분해 닭간(5%), 천연닭기름, 렌틸콩, 호박, 바나나, 아마씨, 천연 향미제, 연어오일, 비타민류, 바이오틴, 엽산, 판토텐산, 나이아신 등",
        "성분구성": "조단백 38% 이상, 조지방 19% 이상, 칼슘 1% 이상, 인 0.95% 이상, 조섬유 5% 이하, 조회분 9% 이하, 수분 10% 이하",
        "현재 재고 수량": "2개",
        "소비자 상담 전화": "마마캣 고객센터 (1544-6141)",
        "제품 포장 유형": "소분포장"
    },
    {
        "id": 752,
        "name": "웰츠 캣 인도어 2.1kg",
        "image": "https://mamacat.co.kr/web/product/big/20191219/7bff210cea5506a40aa854c9b0a87031.jpg",
        "상품 간략설명": "전연령 | 홀리스틱 (1524원/100g당)",
        "가격정책": "마마캣 회원등급 할인 상품",
        "유통기한": "2022.02.22.",
        "사료등급": "홀리스틱",
        "정상 소비자가": "32,000원",
        "마마캣 판매가": "32,000원",
        "가장 높은 회원등급 할인 적용시 구매가": "30,400원 (최대 1,600원 할인)",
        "원산지": "대한민국",
        "제조자 | 수입자": "(주) 대한사료",
        "사용 연령": "전연령 (3개월 이상)",
        "100g 가격": "1524원",
        "포장단위별 용량, 수량": "2.1kg",
        "법에 의한 인증 및 허가": "사료관리법에 따른 수입신고를 필함",
        "원료구성": "닭고기분(건조닭고기 37%), 닭고기(뼈 바른 생닭고기 25%), 가수분해 닭간(7%), 완두콩, 병아리콩, 연어(뼈 바른 생연어 5%), 건조 정어리(3%), 가수분해 연어분말(3%), 고구마, 천연닭기름, 렌틸콩, 바나나, 알팔파, 치커리이뉼린, 아마씨, 연어오일, 비타민류 등",
        "성분구성": "조단백 37% 이상, 조지방 16% 이상, 칼슘 1.20% 이상, 인 0.80% 이상, 조섬유 6% 이하, 조회분 10% 이하, 수분 10% 이하",
        "현재 재고 수량": "7개",
        "소비자 상담 전화": "마마캣 고객센터 (1544-6141)",
        "제품 포장 유형": "소분포장"
    },
    {
        "id": 753,
        "name": "웰츠 캣 인도어 6kg",
        "image": "https://mamacat.co.kr/web/product/big/20191219/1a56e5a583eeb630863de911577feb82.jpg",
        "상품 간략설명": "전연령 | 홀리스틱 (1233원/100g당)",
        "가격정책": "마마캣 회원등급 할인 상품",
        "유통기한": "2022.08.02",
        "사료등급": "홀리스틱",
        "정상 소비자가": "74,000원",
        "마마캣 판매가": "74,000원",
        "가장 높은 회원등급 할인 적용시 구매가": "70,300원 (최대 3,700원 할인)",
        "원산지": "대한민국",
        "제조자 | 수입자": "(주) 대한사료",
        "사용 연령": "전연령 (3개월 이상)",
        "100g 가격": "1233원",
        "포장단위별 용량, 수량": "6kg",
        "법에 의한 인증 및 허가": "사료관리법에 따른 수입신고를 필함",
        "원료구성": "닭고기분(건조닭고기 37%), 닭고기(뼈 바른 생닭고기 25%), 가수분해 닭간(7%), 완두콩, 병아리콩, 연어(뼈 바른 생연어 5%), 건조 정어리(3%), 가수분해 연어분말(3%), 고구마, 천연닭기름, 렌틸콩, 바나나, 알팔파, 치커리이뉼린, 아마씨, 연어오일, 비타민류 등",
        "성분구성": "조단백 37% 이상, 조지방 16% 이상, 칼슘 1.20% 이상, 인 0.80% 이상, 조섬유 6% 이하, 조회분 10% 이하, 수분 10% 이하",
        "현재 재고 수량": "2개",
        "소비자 상담 전화": "마마캣 고객센터 (1544-6141)",
        "제품 포장 유형": "소분포장"
    },
    {
        "id": 754,
        "name": "웰츠 캣 저지방 다이어트 2.1kg",
        "image": "https://mamacat.co.kr/web/product/big/20191126/d2065bd03bea85c3ed417ad9157aeb41.jpg",
        "상품 간략설명": "전연령 | 홀리스틱 (1381원/100g당)",
        "가격정책": "마마캣 회원등급 할인 상품",
        "유통기한": "2022.06.01.",
        "사료등급": "홀리스틱",
        "정상 소비자가": "29,000원",
        "마마캣 판매가": "29,000원",
        "가장 높은 회원등급 할인 적용시 구매가": "27,550원 (최대 1,450원 할인)",
        "원산지": "대한민국",
        "제조자 | 수입자": "(주) 대한사료",
        "사용 연령": "전연령 (3개월 이상)",
        "100g 가격": "1381원",
        "포장단위별 용량, 수량": "2.1kg",
        "법에 의한 인증 및 허가": "사료관리법에 따른 수입신고를 필함",
        "원료구성": "뼈바른 생닭고기, 건조 닭고기, 병아리콩, 뼈바른 생연어, 건조정어리, 가수분해 닭간, 고구마, 완두콩, 천연 닭기름, 렌틸콩, 바나나, 알팔파, 아마씨, 연어오일, 비타민 A, D3, E, B1, B2, B6, B12, 바이오틴, 엽산, 판토텐산, 나이아신, 미네랄, 타우린 등",
        "성분구성": "조단백 37% 이상, 조지방 14% 이상, 칼슘 1.40% 이상, 인 1.10% 이상, 조섬유 8.0% 이하, 조회분 9.0% 이하, 수분 10% 이하",
        "현재 재고 수량": "13개",
        "소비자 상담 전화": "마마캣 고객센터 (1544-6141)",
        "제품 포장 유형": "소분포장"
    },
    {
        "id": 755,
        "name": "웰츠 캣 저지방 다이어트 6kg",
        "image": "https://mamacat.co.kr/web/product/big/20191126/c8846e1e2c1f7ac83f1d5c3360245093.jpg",
        "상품 간략설명": "전연령 | 홀리스틱 (1117원/100g당)",
        "가격정책": "마마캣 회원등급 할인 상품",
        "유통기한": "2022.07.12",
        "사료등급": "홀리스틱",
        "정상 소비자가": "67,000원",
        "마마캣 판매가": "67,000원",
        "가장 높은 회원등급 할인 적용시 구매가": "63,650원 (최대 3,350원 할인)",
        "원산지": "대한민국",
        "제조자 | 수입자": "(주) 대한사료",
        "사용 연령": "전연령 (3개월 이상)",
        "100g 가격": "1117원",
        "포장단위별 용량, 수량": "6kg",
        "법에 의한 인증 및 허가": "사료관리법에 따른 수입신고를 필함",
        "원료구성": "뼈바른 생닭고기, 건조 닭고기, 병아리콩, 뼈바른 생연어, 건조정어리, 가수분해 닭간, 고구마, 완두콩, 천연 닭기름, 렌틸콩, 바나나, 알팔파, 아마씨, 연어오일, 비타민 A, D3, E, B1, B2, B6, B12, 바이오틴, 엽산, 판토텐산, 나이아신, 미네랄, 타우린 등",
        "성분구성": "조단백 37% 이상, 조지방 14% 이상, 칼슘 1.40% 이상, 인 1.10% 이상, 조섬유 8.0% 이하, 조회분 9.0% 이하, 수분 10% 이하",
        "현재 재고 수량": "11개",
        "소비자 상담 전화": "마마캣 고객센터 (1544-6141)",
        "제품 포장 유형": "소분포장"
    },
    {
        "id": 756,
        "name": "웰츠 캣 키튼 2.1kg",
        "image": "https://mamacat.co.kr/web/product/big/20191126/fc79963905a070e6ece762a5c31ba10f.jpg",
        "상품 간략설명": "자묘용 | 홀리스틱 (1381원/100g당)",
        "가격정책": "마마캣 회원등급 할인 상품",
        "유통기한": "2022.07.19.",
        "사료등급": "홀리스틱",
        "정상 소비자가": "29,000원",
        "마마캣 판매가": "29,000원",
        "가장 높은 회원등급 할인 적용시 구매가": "27,550원 (최대 1,450원 할인)",
        "원산지": "대한민국",
        "제조자 | 수입자": "(주) 대한사료",
        "사용 연령": "자묘용 (12개월 이하)",
        "100g 가격": "1381원",
        "포장단위별 용량, 수량": "2.1kg",
        "법에 의한 인증 및 허가": "사료관리법에 따른 수입신고를 필함",
        "원료구성": "뼈바른 생닭고기(40%), 건조닭고기(32%), 병아리콩, 완두콩, 건조정어리(5%), 섬유소원(정제섬유소, 비트펄프), 천연닭기름, 렌틸콩, 가수분해닭간(3%), 호박, 바나나, 아마씨, 천연향미제, 연어오일, 비타민류, 바이오틴, 엽산, 판토텐산, 나이아신, 미네랄 등",
        "성분구성": "조단백 42% 이상, 조지방 20% 이상, 칼슘 1.1% 이상, 인 1% 이상, 조섬유 4% 이하, 조회분 9% 이하, 수분 10% 이하",
        "현재 재고 수량": "4개",
        "소비자 상담 전화": "마마캣 고객센터 (1544-6141)",
        "제품 포장 유형": "소분포장"
    },
    {
        "id": 757,
        "name": "웰츠 캣 키튼 6kg",
        "image": "https://mamacat.co.kr/web/product/big/20191126/e2a69be619bad28e45acd34caf0d4228.jpg",
        "상품 간략설명": "자묘용 | 홀리스틱 (1117원/100g당)",
        "가격정책": "마마캣 회원등급 할인 상품",
        "유통기한": "2022.01.22.",
        "사료등급": "홀리스틱",
        "정상 소비자가": "67,000원",
        "마마캣 판매가": "67,000원",
        "가장 높은 회원등급 할인 적용시 구매가": "63,650원 (최대 3,350원 할인)",
        "원산지": "대한민국",
        "제조자 | 수입자": "(주) 대한사료",
        "사용 연령": "자묘용 (12개월 이하",
        "100g 가격": "1117원",
        "포장단위별 용량, 수량": "6kg",
        "법에 의한 인증 및 허가": "사료관리법에 따른 수입신고를 필함",
        "원료구성": "뼈바른 생닭고기(40%), 건조닭고기(32%), 병아리콩, 완두콩, 건조정어리(5%), 섬유소원(정제섬유소, 비트펄프), 천연닭기름, 렌틸콩, 가수분해닭간(3%), 호박, 바나나, 아마씨, 천연향미제, 연어오일, 비타민류, 바이오틴, 엽산, 판토텐산, 나이아신, 미네랄 등",
        "성분구성": "조단백 42% 이상, 조지방 20% 이상, 칼슘 1.1% 이상, 인 1% 이상, 조섬유 4% 이하, 조회분 9% 이하, 수분 10% 이하",
        "현재 재고 수량": "4개",
        "소비자 상담 전화": "마마캣 고객센터 (1544-6141)",
        "제품 포장 유형": "소분포장"
    },
    {
        "id": 758,
        "name": "웰츠 캣 헤어볼케어 2.1kg",
        "image": "https://mamacat.co.kr/web/product/big/20191219/828600ca63e8025bada0a45582feb319.jpg",
        "상품 간략설명": "전연령 | 홀리스틱 (1524원/100g당)",
        "가격정책": "마마캣 회원등급 할인 상품",
        "유통기한": "2022.07.18.",
        "사료등급": "홀리스틱",
        "정상 소비자가": "32,000원",
        "마마캣 판매가": "32,000원",
        "가장 높은 회원등급 할인 적용시 구매가": "30,400원 (최대 1,600원 할인)",
        "원산지": "대한민국",
        "제조자 | 수입자": "(주) 대한사료",
        "사용 연령": "전연령 (3개월 이상)",
        "100g 가격": "1524원",
        "포장단위별 용량, 수량": "2.1kg",
        "법에 의한 인증 및 허가": "사료관리법에 따른 수입신고를 필함",
        "원료구성": "닭고기,닭고기분,병아리콩,연어,오리,건조정어리,고구마,완두콩,천영셀룰로스,알팔파,가수분해 닭간,천연 닭기름,렌틸콩,바나나,아마씨,연어오일,코코넛오일,비타민,바이오틴,엽산,판토텐산,나이아신,미네랄,타우린,베타카로틴,비타민C,심황,타임 등",
        "성분구성": "조단백 37% 이상, 조지방 18% 이상, 칼슘 1.10% 이상, 인 0.85% 이상, 조섬유 9% 이하, 조회분 9% 이하, 수분 10% 이하",
        "현재 재고 수량": "3개",
        "소비자 상담 전화": "마마캣 고객센터 (1544-6141)",
        "제품 포장 유형": "소분포장"
    },
    {
        "id": 759,
        "name": "웰츠 캣 헤어볼케어 6kg",
        "image": "https://mamacat.co.kr/web/product/big/20191219/dde6f852b42fc2e6839304858c2f8cf3.jpg",
        "상품 간략설명": "전연령 | 홀리스틱 (1233원/100g당)",
        "가격정책": "마마캣 회원등급 할인 상품",
        "유통기한": "2022.04.13.",
        "사료등급": "홀리스틱",
        "정상 소비자가": "74,000원",
        "마마캣 판매가": "74,000원",
        "가장 높은 회원등급 할인 적용시 구매가": "70,300원 (최대 3,700원 할인)",
        "원산지": "대한민국",
        "제조자 | 수입자": "(주) 대한사료",
        "사용 연령": "전연령 (3개월 이상)",
        "100g 가격": "1233원",
        "포장단위별 용량, 수량": "6kg",
        "법에 의한 인증 및 허가": "사료관리법에 따른 수입신고를 필함",
        "원료구성": "닭고기,닭고기분,병아리콩,연어,오리,건조정어리,고구마,완두콩,천영셀룰로스,알팔파,가수분해 닭간,천연 닭기름,렌틸콩,바나나,아마씨,연어오일,코코넛오일,비타민,바이오틴,엽산,판토텐산,나이아신,미네랄,타우린,베타카로틴,비타민C,심황,타임 등",
        "성분구성": "조단백 37% 이상, 조지방 18% 이상, 칼슘 1.10% 이상, 인 0.85% 이상, 조섬유 9% 이하, 조회분 9% 이하, 수분 10% 이하",
        "현재 재고 수량": "2개",
        "소비자 상담 전화": "마마캣 고객센터 (1544-6141)",
        "제품 포장 유형": "소분포장"
    },
    {
        "id": 760,
        "name": "웰츠 캣챱 4종 맛보기 50g × 4개",
        "image": "https://mamacat.co.kr/web/product/big/201909/fcd7503eaeeee933df147fcd0dae43a8.png",
        "가격정책": "마마캣 회원등급 할인 상품",
        "유통기한": "각 제품의 상세페이지 참고",
        "정상 소비자가": "11,600원",
        "마마캣 판매가": "11,600원",
        "가장 높은 회원등급 할인 적용시 구매가": "11,020원 (최대 580원 할인)",
        "원산지": "한국",
        "제조자 | 수입자": "(주)미소",
        "사용 연령": "전연령(3개월 이상)",
        "포장단위별 용량, 수량": "50g × 4개",
        "법에 의한 인증 및 허가": "사료관리법에 따른 수입신고를 필함",
        "원료구성": "상세페이지참고",
        "성분구성": "상세페이지참고",
        "현재 재고 수량": "3개",
        "소비자 상담 전화": "마마캣 고객센터 (1544-6141)"
    },
    {
        "id": 761,
        "name": "웰츠 캣챱 닭가슴살 PLUS 50g",
        "image": "https://mamacat.co.kr/web/product/big/201812/5b06bab7d65c925f87e1f63e6062091b.jpg",
        "가격정책": "마마캣 회원등급 할인 상품",
        "유통기한": "2022.06.22.",
        "정상 소비자가": "2,900원",
        "마마캣 판매가": "2,900원",
        "가장 높은 회원등급 할인 적용시 구매가": "2,760원 (최대 140원 할인)",
        "원산지": "한국",
        "제조자 | 수입자": "(주)미소",
        "사용 연령": "전연령",
        "100g 가격": "5200원",
        "포장단위별 용량, 수량": "10g × 5개",
        "법에 의한 인증 및 허가": "사료관리법에 따른 수입신고를 필함",
        "원료구성": "닭고기(닭가슴살), 유기농야채 (고구마, 당근, 시금치, 호박, 브로콜리), 연어오일(오메가3&6), 타우린, 비타민",
        "성분구성": "조단백질 10.0%이상, 조지방 9.0%이상, 칼슘 0.4%이상, 인 0.2%이상, 조섬유 1.0%이하, 조회분 4.0%이하, 수분 80%이하",
        "현재 재고 수량": "34개",
        "소비자 상담 전화": "마마캣 고객센터 (1544-6141)"
    },
    {
        "id": 762,
        "name": "웰츠 캣챱 치킨&리얼크랩 50g",
        "image": "https://mamacat.co.kr/web/product/big/201812/5d7f835f984ef06961c44938d49115d9.jpg",
        "가격정책": "마마캣 회원등급 할인 상품",
        "유통기한": "2022.06.22.",
        "정상 소비자가": "2,900원",
        "마마캣 판매가": "2,900원",
        "가장 높은 회원등급 할인 적용시 구매가": "2,760원 (최대 140원 할인)",
        "원산지": "한국",
        "제조자 | 수입자": "(주)미소",
        "사용 연령": "전연령(3개월 이상)",
        "100g 가격": "5200원",
        "포장단위별 용량, 수량": "10g × 5개",
        "법에 의한 인증 및 허가": "사료관리법에 따른 수입신고를 필함",
        "원료구성": "닭고기(닭가슴살), 게살, 유기농야채 (고구마, 당근, 시금치, 호박, 브로콜리), 연어오일(오메가3&6), 타우린, 비타민",
        "성분구성": "조단백질 10.0%이상, 조지방 9.0%이상, 칼슘 0.4%이상, 인 0.2%이상, 조섬유 1.0%이하, 조회분 4.0%이하, 수분 80%이하",
        "현재 재고 수량": "31개",
        "소비자 상담 전화": "마마캣 고객센터 (1544-6141)"
    },
    {
        "id": 763,
        "name": "웰츠 캣챱 치킨&붉은살연어 50g",
        "image": "https://mamacat.co.kr/web/product/big/201812/c0544eb3d219fc77b273904df564994b.jpg",
        "가격정책": "마마캣 회원등급 할인 상품",
        "유통기한": "2022.06.22.",
        "정상 소비자가": "2,900원",
        "마마캣 판매가": "2,900원",
        "가장 높은 회원등급 할인 적용시 구매가": "2,760원 (최대 140원 할인)",
        "원산지": "한국",
        "제조자 | 수입자": "(주)미소",
        "사용 연령": "전연령(3개월 이상)",
        "100g 가격": "5200원",
        "포장단위별 용량, 수량": "10g × 5개",
        "법에 의한 인증 및 허가": "사료관리법에 따른 수입신고를 필함",
        "원료구성": "닭고기(닭가슴살), 연어, 유기농야채 (고구마, 당근, 시금치, 호박, 브로콜리), 연어오일(오메가3&6), 타우린, 비타민",
        "성분구성": "조단백질 10.0%이상, 조지방 9.0%이상, 칼슘 0.4%이상, 인 0.2%이상, 조섬유 1.0%이하, 조회분 4.0%이하, 수분 80%이하",
        "현재 재고 수량": "20개",
        "소비자 상담 전화": "마마캣 고객센터 (1544-6141)"
    },
    {
        "id": 764,
        "name": "웰츠 캣챱 치킨&크릴새우 50g",
        "image": "https://mamacat.co.kr/web/product/big/201812/62ea560d2f306567e9c2f811c9a40d0f.jpg",
        "가격정책": "마마캣 회원등급 할인 상품",
        "유통기한": "2022.06.22.",
        "정상 소비자가": "2,900원",
        "마마캣 판매가": "2,900원",
        "가장 높은 회원등급 할인 적용시 구매가": "2,760원 (최대 140원 할인)",
        "원산지": "한국",
        "제조자 | 수입자": "(주)미소",
        "사용 연령": "전연령",
        "100g 가격": "5200원",
        "포장단위별 용량, 수량": "10g × 5개",
        "법에 의한 인증 및 허가": "사료관리법에 따른 수입신고를 필함",
        "원료구성": "닭고기(닭가슴살), 크릴새우, 유기농야채 (고구마, 당근, 시금치, 호박, 브로콜리), 연어오일(오메가3&6), 타우린, 비타민",
        "성분구성": "조단백질 10.0% 이상, 조지방 1.5% 이상, 조섬유 1.0% 이하, 조회분 3.0% 이하, 칼슘 0.01% 이상, 인 0.2% 이상, 수분 80.0% 이하",
        "현재 재고 수량": "19개",
        "소비자 상담 전화": "마마캣 고객센터 (1544-6141)"
    },
    {
        "id": 765,
        "name": "위스카스 캣 습식파우치 시니어 고등어 85g × 24개",
        "image": "https://mamacat.co.kr/web/product/big/20191219/9981dafc000b0f8b58972f0eb64e10b4.jpg",
        "가격정책": "마마캣 회원등급 할인 상품",
        "유통기한": "2023.01.11.",
        "정상 소비자가": "28,800원",
        "마마캣 판매가": "20,900원",
        "가장 높은 회원등급 할인 적용시 구매가": "19,860원 (최대 1,040원 할인)",
        "원산지": "태국",
        "제조자 | 수입자": "MARS PETCARE CO.,LTD | 한국마즈",
        "사용 연령": "노묘용 (7세 이상)",
        "100g 가격": "1,025원",
        "포장단위별 용량, 수량": "85g × 24개",
        "법에 의한 인증 및 허가": "사료관리법에 따른 수입신고를 필함",
        "원료구성": "고등어,정어리,식품착색제,필수비타민과 미네랄,대두유,젤리",
        "성분구성": "조단백 7%이상, 조지방 2%이상, 조섬유 1.0%이하, 조회분 3.0%이하, 칼슘 0.05%이상, 인 1.0%이하,수분 87%이하",
        "색상": "보라색",
        "현재 재고 수량": "4개",
        "소비자 상담 전화": "마마캣 고객센터 (1544-6141)"
    },
    {
        "id": 766,
        "name": "위스카스 캣 습식파우치 시니어 고등어 85g",
        "image": "https://mamacat.co.kr/web/product/big/20200619/bb26210c8bcc59422133f0e8b14956be.jpg",
        "가격정책": "마마캣 회원등급 할인 상품",
        "유통기한": "2023.01.11.",
        "정상 소비자가": "1,200원",
        "마마캣 판매가": "990원",
        "가장 높은 회원등급 할인 적용시 구매가": "950원 (최대 40원 할인)",
        "원산지": "태국",
        "제조자 | 수입자": "MARS PETCARE CO.,LTD | 한국마즈",
        "사용 연령": "노묘용 (7세 이상)",
        "100g 가격": "1,165원",
        "포장단위별 용량, 수량": "85g",
        "법에 의한 인증 및 허가": "사료관리법에 따른 수입신고를 필함",
        "원료구성": "고등어,정어리,식품착색제,필수비타민과 미네랄,대두유,젤리",
        "성분구성": "조단백 7%이상, 조지방 2%이상, 조섬유 1.0%이하, 조회분 3.0%이하, 칼슘 0.05%이상, 인 1.0%이하,수분 87%이하",
        "색상": "보라색",
        "현재 재고 수량": "28개",
        "소비자 상담 전화": "마마캣 고객센터 (1544-6141)"
    },
    {
        "id": 767,
        "name": "위스카스 캣 습식파우치 씨푸드 칵테일 85g × 24개",
        "image": "https://mamacat.co.kr/web/product/big/20191218/e995ed8e67e590c3a6585def6ef002d5.jpg",
        "가격정책": "마마캣 회원등급 할인 상품",
        "유통기한": "2022.06.24.",
        "정상 소비자가": "28,800원",
        "마마캣 판매가": "20,900원",
        "가장 높은 회원등급 할인 적용시 구매가": "19,860원 (최대 1,040원 할인)",
        "원산지": "태국",
        "제조자 | 수입자": "MARS PETCARE CO.,LTD | 한국마즈",
        "사용 연령": "성묘용 (12개월 이상)",
        "100g 가격": "1,025원",
        "포장단위별 용량, 수량": "85g × 24개",
        "법에 의한 인증 및 허가": "사료관리법에 따른 수입신고를 필함",
        "원료구성": "고등어, 붉은 살 참치, 쇠간, 오징어, 연어, 게살, 콩기름, 녹말, 밀 글루텐, 식용 착색료, 고형화제, 각종 비타민과 미네랄",
        "성분구성": "조단백 8.5%이상, 조지방 2.3%이상, 조섬유 1.0%이하, 조회분 3.0%이하, 칼슘 0.15%이상, 인 1.0%이하",
        "현재 재고 수량": "5개",
        "소비자 상담 전화": "마마캣 고객센터 (1544-6141)"
    },
    {
        "id": 768,
        "name": "위스카스 캣 습식파우치 씨푸드 칵테일 85g",
        "image": "https://mamacat.co.kr/web/product/big/20200619/337bf8c4977bbd15a2323cadeec8f1ff.jpg",
        "가격정책": "마마캣 회원등급 할인 상품",
        "유통기한": "2022.06.24.",
        "정상 소비자가": "1,200원",
        "마마캣 판매가": "990원",
        "가장 높은 회원등급 할인 적용시 구매가": "950원 (최대 40원 할인)",
        "원산지": "태국",
        "제조자 | 수입자": "MARS PETCARE CO.,LTD | 한국마즈",
        "사용 연령": "성묘용 (12개월 이상)",
        "100g 가격": "1,165원",
        "포장단위별 용량, 수량": "85g",
        "법에 의한 인증 및 허가": "사료관리법에 따른 수입신고를 필함",
        "원료구성": "고등어, 붉은 살 참치, 쇠간, 오징어, 연어, 게살, 콩기름, 녹말, 밀 글루텐, 식용 착색료, 고형화제, 각종 비타민과 미네랄",
        "성분구성": "조단백 8.5%이상, 조지방 2.3%이상, 조섬유 1.0%이하, 조회분 3.0%이하, 칼슘 0.15%이상, 인 1.0%이하",
        "현재 재고 수량": "24개",
        "소비자 상담 전화": "마마캣 고객센터 (1544-6141)"
    },
    {
        "id": 769,
        "name": "위스카스 캣 습식파우치 오션피쉬 85g × 24개",
        "image": "https://mamacat.co.kr/web/product/big/20191219/8b1c0571b6cc65dde21f2b491cab9162.jpg",
        "가격정책": "마마캣 회원등급 할인 상품",
        "유통기한": "2022.07.10.",
        "정상 소비자가": "28,800원",
        "마마캣 판매가": "20,900원",
        "가장 높은 회원등급 할인 적용시 구매가": "19,860원 (최대 1,040원 할인)",
        "원산지": "태국",
        "제조자 | 수입자": "MARS PETCARE CO.,LTD | 한국마즈",
        "사용 연령": "성묘용 (12개월 이상)",
        "100g 가격": "1,025원",
        "포장단위별 용량, 수량": "85g × 24개",
        "법에 의한 인증 및 허가": "사료관리법에 따른 수입신고를 필함",
        "원료구성": "대양생선,닭고기,콩기름,밀가루,식품착색제,필수비타민과 미네랄,젤리 등",
        "성분구성": "조단백 8.0%이상, 조지방 5.0%이상, 조섬유 3.0%이하, 조회분 3.0%이하, 칼슘 0.06%이상, 인 0.11%이하",
        "색상": "하늘색",
        "현재 재고 수량": "1개",
        "소비자 상담 전화": "마마캣 고객센터 (1544-6141)"
    },
    {
        "id": 770,
        "name": "위스카스 캣 습식파우치 오션피쉬 85g",
        "image": "https://mamacat.co.kr/web/product/big/20200619/64b4c5d2db2d40e0c1dd3499a5d29057.jpg",
        "가격정책": "마마캣 회원등급 할인 상품",
        "유통기한": "2022.07.10.",
        "정상 소비자가": "1,200원",
        "마마캣 판매가": "990원",
        "가장 높은 회원등급 할인 적용시 구매가": "950원 (최대 40원 할인)",
        "원산지": "태국",
        "제조자 | 수입자": "MARS PETCARE CO.,LTD | 한국마즈",
        "사용 연령": "성묘용 (12개월 이상)",
        "100g 가격": "1,165원",
        "포장단위별 용량, 수량": "85g",
        "법에 의한 인증 및 허가": "사료관리법에 따른 수입신고를 필함",
        "원료구성": "대양생선,닭고기,콩기름,밀가루,식품착색제,필수비타민과 미네랄,젤리 등",
        "성분구성": "조단백 8.0%이상, 조지방 5.0%이상, 조섬유 3.0%이하, 조회분 3.0%이하, 칼슘 0.06%이상, 인 0.11%이하",
        "색상": "하늘색",
        "현재 재고 수량": "13개",
        "소비자 상담 전화": "마마캣 고객센터 (1544-6141)"
    },
    {
        "id": 771,
        "name": "위스카스 캣 주니어/키튼 오션피쉬와 우유 1.1kg",
        "image": "https://mamacat.co.kr/web/product/big/20200619/71787bc2e4965e69f4582d5b8cb0f018.jpg",
        "상품 간략설명": "자묘용 | 프리미엄 (739원/100g당)",
        "가격정책": "최저마진",
        "유통기한": "2022.06.14.",
        "사료등급": "프리미엄",
        "정상 소비자가": "12,000원",
        "마마캣 판매가": "8,130원",
        "원산지": "태국",
        "제조자 | 수입자": "MARS PETCARE CO.,LTD | 한국마즈",
        "사용 연령": "자묘용 (12개월 이하)",
        "100g 가격": "739원",
        "포장단위별 용량, 수량": "1.1kg",
        "법에 의한 인증 및 허가": "사료관리법에 따른 수입신고를 필함",
        "원료구성": "곡류(옥수수, 밀), 가금육 및 가금육 부산물, 팜스테아린, 천연향료(참치향), 합성향료(오션피쉬향), 대두분, 밀가루, 옥수수글루텐, 분유, 미네랄합제, 비타민합제, 정제소금, 메티오닌, 타우린, 산화방지제, 보존료",
        "성분구성": "조단백질 30.0%이상, 조지방 10.0%이상, 조섬유 5.0%이하, 조회분 10.0%이하, 칼슘 1.0%이상, 인 0.8%이상, 수분 12.0%이하",
        "현재 재고 수량": "8개",
        "소비자 상담 전화": "마마캣 고객센터 (1544-6141)",
        "제품 포장 유형": "통포장 (지퍼 없음)"
    },
    {
        "id": 772,
        "name": "위스카스 캣 헤어볼 참치와 닭고기 3kg",
        "image": "https://mamacat.co.kr/web/product/big/20200619/5d884f1d292afc26811a861ff0cbd27b.jpg",
        "상품 간략설명": "성묘용 | 프리미엄 (571원/100g당)",
        "가격정책": "최저마진",
        "유통기한": "2022.08.17.",
        "사료등급": "프리미엄",
        "정상 소비자가": "23,000원",
        "마마캣 판매가": "17,120원",
        "원산지": "태국",
        "제조자 | 수입자": "MARS PETCARE CO.,LTD | 한국마즈",
        "사용 연령": "성묘용 (12개월 이상)",
        "100g 가격": "571원",
        "포장단위별 용량, 수량": "3kg",
        "법에 의한 인증 및 허가": "사료관리법에 따른 수입신고를 필함",
        "원료구성": "곡류(옥수수, 밀), 가금육 및 가금육 부산물, 옥수수글루텐, 식이섬유(사탕무), 대두분, 팜스테아린, 천연향료(참치향, 닭고기향), 밀가루, 대두유, 미네랄합제(염화칼륨, 황산아연, 탄산칼슘, 제이인산칼슘 등), 정제소금, 비타민합제, 착색료, 타우린 등",
        "성분구성": "조단백질 30.0%이상, 조지방 10.0%이상, 조섬유 5.0%이하, 조회분 10.0%이하, 칼슘 0.6%이상, 인 0.5%이상, 수분 12.0%이하",
        "현재 재고 수량": "6개",
        "소비자 상담 전화": "마마캣 고객센터 (1544-6141)",
        "제품 포장 유형": "통포장 (지퍼 없음)"
    },
    {
        "id": 773,
        "name": "위시본 캣 그레인프리 양고기 1.8kg",
        "image": "https://mamacat.co.kr/web/product/big/20191127/1bc254636dab74e73c3e3acf09b64ab0.jpg",
        "상품 간략설명": "전연령 | 홀리스틱 (1611원/100g당)",
        "가격정책": "마마캣 회원등급 할인 상품",
        "유통기한": "2022.09.07.",
        "사료등급": "홀리스틱",
        "정상 소비자가": "29,000원",
        "마마캣 판매가": "29,000원",
        "가장 높은 회원등급 할인 적용시 구매가": "27,550원 (최대 1,450원 할인)",
        "원산지": "뉴질랜드",
        "제조자 | 수입자": "WISH BONE | 바른통상",
        "사용 연령": "전연령 (3개월 이상)",
        "100g 가격": "1611원",
        "포장단위별 용량, 수량": "1.8kg",
        "법에 의한 인증 및 허가": "사료관리법에 따른 수입신고를 필함",
        "원료구성": "건조 양고기, 건조 생선, 완두콩, 치킨 지방, 아마씨, 사과, 블루베리, 크랜베리, 파파야, 망고, 바질, 오레가노, 로즈마리, 타임, 해바라기씨, 카모마일, 페퍼민트, 카멜리아, 천연 첨가향, 염화나트륨, 비타민 첨가제, 나이아신, 판토텐센칼슘, 리보플라빈 첨가제 등",
        "성분구성": "조단백 32.0% 이상, 조지방 15.0% 이상, 조섬유 5.0% 이하, 조회분 11.0% 이하, 칼슘 2.36% 이상, 인 1.29% 이상, 수분 10.0% 이하",
        "현재 재고 수량": "10개",
        "소비자 상담 전화": "마마캣 고객센터 (1544-6141)",
        "제품 포장 유형": "통포장 (지퍼팩 있음)"
    },
    {
        "id": 774,
        "name": "위시본 캣 그레인프리 양고기 5.4kg",
        "image": "https://mamacat.co.kr/web/product/big/20191127/bb086f4ac48ef3bfa45f305ecfc0732f.jpg",
        "상품 간략설명": "전연령 | 홀리스틱 (1074원/100g당)",
        "가격정책": "마마캣 회원등급 할인 상품",
        "유통기한": "2022.07.31.",
        "사료등급": "홀리스틱",
        "정상 소비자가": "62,500원",
        "마마캣 판매가": "58,000원",
        "가장 높은 회원등급 할인 적용시 구매가": "55,100원 (최대 2,900원 할인)",
        "원산지": "뉴질랜드",
        "제조자 | 수입자": "WISH BONE | 바른통상",
        "사용 연령": "전연령 (3개월 이상)",
        "100g 가격": "1074원",
        "포장단위별 용량, 수량": "5.4kg",
        "법에 의한 인증 및 허가": "사료관리법에 따른 수입신고를 필함",
        "원료구성": "건조 양고기, 건조 생선, 완두콩, 치킨 지방, 아마씨, 사과, 블루베리, 크랜베리, 파파야, 망고, 바질, 오레가노, 로즈마리, 타임, 해바라기씨, 카모마일, 페퍼민트, 카멜리아, 천연 첨가향, 염화나트륨, 비타민 첨가제, 나이아신, 판토텐센칼슘, 리보플라빈 첨가제 등",
        "성분구성": "조단백 32.0% 이상, 조지방 15.0% 이상, 조섬유 5.0% 이하, 조회분 11.0% 이하, 칼슘 2.36% 이상, 인 1.29% 이상, 수분 10.0% 이하",
        "현재 재고 수량": "3개",
        "소비자 상담 전화": "마마캣 고객센터 (1544-6141)",
        "제품 포장 유형": "통포장 (지퍼 없음)"
    },
    {
        "id": 775,
        "name": "위시본 캣 그레인프리 치킨 1.8kg",
        "image": "https://mamacat.co.kr/web/product/big/20191127/8f4906da21622810592d06319631a4f0.jpg",
        "상품 간략설명": "전연령 | 홀리스틱 (1611원/100g당)",
        "가격정책": "마마캣 회원등급 할인 상품",
        "유통기한": "2022.07.31.",
        "사료등급": "홀리스틱",
        "정상 소비자가": "29,000원",
        "마마캣 판매가": "29,000원",
        "가장 높은 회원등급 할인 적용시 구매가": "27,550원 (최대 1,450원 할인)",
        "원산지": "뉴질랜드",
        "제조자 | 수입자": "WISH BONE | 바른통상",
        "사용 연령": "전연령 (3개월 이상)",
        "100g 가격": "1611원",
        "포장단위별 용량, 수량": "1.8kg",
        "법에 의한 인증 및 허가": "사료관리법에 따른 수입신고를 필함",
        "원료구성": "건조 닭고기, 건조 생선, 완두콩, 타피오카, 치킨 지방, 아마씨, 사과, 블루베리, 크랜베리, 파파야, 망고, 바질, 오레가노, 로즈마리, 타임, 해바라기씨, 카모마일, 페퍼민트, 카멜리아, 천연 첨가향, 염화나트륨, 비타민 첨가제, 나이아신, 판토텐산칼슘 등",
        "성분구성": "조단백 32.0% 이상, 조지방 15.0% 이상, 조섬유 5.0% 이하, 조회분 11.0% 이하, 칼슘 2.36% 이상, 인 1.29% 이상, 수분 10.0% 이하",
        "현재 재고 수량": "5개",
        "소비자 상담 전화": "마마캣 고객센터 (1544-6141)",
        "제품 포장 유형": "통포장 (지퍼팩 있음)"
    },
    {
        "id": 776,
        "name": "이즈칸 캣 그레인프리 시니어 2.5kg",
        "image": "https://mamacat.co.kr/web/product/big/20191127/8ebbd7b2c4d6f35b7febe613a58cb750.jpg",
        "상품 간략설명": "노묘용 | 홀리스틱 (791원/100g당)",
        "가격정책": "마마캣 회원등급 할인 상품",
        "유통기한": "2022.09.08.",
        "사료등급": "홀리스틱",
        "정상 소비자가": "22,000원",
        "마마캣 판매가": "19,000원",
        "가장 높은 회원등급 할인 적용시 구매가": "18,050원 (최대 950원 할인)",
        "원산지": "대한민국",
        "제조자 | 수입자": "(주) 대한사료",
        "사용 연령": "노묘용 (7세 이상)",
        "100g 가격": "791원",
        "포장단위별 용량, 수량": "2.5kg",
        "법에 의한 인증 및 허가": "사료관리법에 따른 수입신고를 필함",
        "원료구성": "생닭고기, 생연어, 닭고기분, 병아리콩, 렌틸콩, 고구마분말, 오션피쉬분말, 치킨오일, 섬유소원, 아마종실, 가수분해 닭고기분말, 피쉬오일, 에센셜오일, DL-메치오닌, 타우린, 비타민E, 비타민C, 염화칼륨, 엽산, 바이오틴, 철분, 아연, 망간, 구리, 칼슘, 코발트 등",
        "성분구성": "조단백 30%이상, 조지방 16%이상, 칼슘 0.95%이상, 인 0.8%이상, 조섬유 4.5%이하, 조회분 8%이하, 수분 10%이하",
        "현재 재고 수량": "9개",
        "소비자 상담 전화": "마마캣 고객센터 (1544-6141)",
        "제품 포장 유형": "통포장 (지퍼팩 있음)"
    },
    {
        "id": 777,
        "name": "이즈칸 캣 그레인프리 시니어 6.5kg",
        "image": "https://mamacat.co.kr/web/product/big/20191127/78c000d5fb66fc4268284ec22389b9a2.jpg",
        "상품 간략설명": "노묘용 | 홀리스틱 (516원/100g당)",
        "가격정책": "마마캣 회원등급 할인 상품",
        "유통기한": "2022.10.11.",
        "사료등급": "홀리스틱",
        "정상 소비자가": "40,000원",
        "마마캣 판매가": "32,000원",
        "가장 높은 회원등급 할인 적용시 구매가": "30,400원 (최대 1,600원 할인)",
        "원산지": "대한민국",
        "제조자 | 수입자": "(주) 대한사료",
        "사용 연령": "노묘용 (7세 이상)",
        "100g 가격": "516원",
        "포장단위별 용량, 수량": "6.5kg",
        "법에 의한 인증 및 허가": "사료관리법에 따른 수입신고를 필함",
        "원료구성": "생닭고기, 생연어, 닭고기분, 병아리콩, 렌틸콩, 고구마분말, 오션피쉬분말, 치킨오일, 섬유소원, 아마종실, 가수분해 닭고기분말, 피쉬오일, 에센셜오일, DL-메치오닌, 타우린, 비타민E, 비타민C, 염화칼륨, 엽산, 바이오틴, 철분, 아연, 망간, 구리, 칼슘, 코발트 등",
        "성분구성": "조단백 30%이상, 조지방 16%이상, 칼슘 0.95%이상, 인 0.8%이상, 조섬유 4.5%이하, 조회분 8%이하, 수분 10%이하",
        "현재 재고 수량": "18개",
        "소비자 상담 전화": "마마캣 고객센터 (1544-6141)",
        "제품 포장 유형": "통포장 (지퍼 없음)"
    },
    {
        "id": 778,
        "name": "이즈칸 캣 그레인프리 어덜트 2.5kg",
        "image": "https://mamacat.co.kr/web/product/big/20191127/15f2f29884526a940ec24476fcbacaa6.jpg",
        "상품 간략설명": "성묘용 | 홀리스틱 (791원/100g당)",
        "가격정책": "마마캣 회원등급 할인 상품",
        "유통기한": "2022.04.22.",
        "사료등급": "홀리스틱",
        "정상 소비자가": "22,000원",
        "마마캣 판매가": "19,000원",
        "가장 높은 회원등급 할인 적용시 구매가": "18,050원 (최대 950원 할인)",
        "원산지": "대한민국",
        "제조자 | 수입자": "(주) 대한사료",
        "사용 연령": "성묘용 (12개월 이상)",
        "100g 가격": "791원",
        "포장단위별 용량, 수량": "2.5kg",
        "법에 의한 인증 및 허가": "사료관리법에 따른 수입신고를 필함",
        "원료구성": "생연어, 생닭고기, 닭고기분, 타피오카, 감자분말, 셀룰로스 파우더, 아마종실, 치킨오일, 효모, 식염, 건조효소분해계육분, 타우린, 비타민C, 비타민E, 메치오닌, 엘라이신, 염화콜린, 유기태미네랄, 비타민&미네랄 프리믹스, 유카추출물, 포도씨추출물, 생균제 등",
        "성분구성": "조단백 33%이상, 조지방 16%이상, 칼슘 0.95%이상, 인 1.8%이하, 조섬유 7%이하, 조회분 9%이하, 조수분 12%이하",
        "현재 재고 수량": "14개",
        "소비자 상담 전화": "마마캣 고객센터 (1544-6141)",
        "제품 포장 유형": "통포장 (지퍼팩 있음)"
    },
    {
        "id": 779,
        "name": "이즈칸 캣 그레인프리 어덜트 6.5kg",
        "image": "https://mamacat.co.kr/web/product/big/20191127/0bdec822c70120827c27d28a3f1f7eee.jpg",
        "상품 간략설명": "성묘용 | 홀리스틱 (516원/100g당)",
        "가격정책": "마마캣 회원등급 할인 상품",
        "유통기한": "2022.09.01.",
        "사료등급": "홀리스틱",
        "정상 소비자가": "40,000원",
        "마마캣 판매가": "32,000원",
        "가장 높은 회원등급 할인 적용시 구매가": "30,400원 (최대 1,600원 할인)",
        "원산지": "대한민국",
        "제조자 | 수입자": "(주) 대한사료",
        "사용 연령": "성묘용 (12개월 이상)",
        "100g 가격": "516원",
        "포장단위별 용량, 수량": "6.5kg",
        "법에 의한 인증 및 허가": "사료관리법에 따른 수입신고를 필함",
        "원료구성": "생연어, 생닭고기, 닭고기분, 타피오카, 감자분말, 셀룰로스 파우더, 아마종실, 치킨오일, 효모, 식염, 건조효소분해계육분, 타우린, 비타민C, 비타민E, 메치오닌, 엘라이신, 염화콜린, 유기태미네랄, 비타민&미네랄 프리믹스, 유카추출물, 포도씨추출물, 생균제 등",
        "성분구성": "조단백 33%이상, 조지방 16%이상, 칼슘 0.95%이상, 인 1.8%이하, 조섬유 7%이하, 조회분 9%이하, 조수분 12%이하",
        "현재 재고 수량": "8개",
        "소비자 상담 전화": "마마캣 고객센터 (1544-6141)",
        "제품 포장 유형": "통포장 (지퍼 없음)"
    },
    {
        "id": 780,
        "name": "이즈칸 캣 그레인프리 올라이프 2.5kg",
        "image": "https://mamacat.co.kr/web/product/big/20191127/72a578fd237601bbe5e10e1768744b4a.jpg",
        "상품 간략설명": "전연령 | 홀리스틱 (791원/100g당)",
        "가격정책": "마마캣 회원등급 할인 상품",
        "유통기한": "2022.08.15.",
        "사료등급": "홀리스틱",
        "정상 소비자가": "22,000원",
        "마마캣 판매가": "19,000원",
        "가장 높은 회원등급 할인 적용시 구매가": "18,050원 (최대 950원 할인)",
        "원산지": "대한민국",
        "제조자 | 수입자": "(주) 대한사료",
        "사용 연령": "전연령 (3개월 이상)",
        "100g 가격": "791원",
        "포장단위별 용량, 수량": "2.5kg",
        "법에 의한 인증 및 허가": "사료관리법에 따른 수입신고를 필함",
        "원료구성": "생닭고기, 생연어, 닭고기분, 병아리콩, 렌틸콩, 고구마분말, 치킨오일, 오션피쉬분말, 섬유소원, 가수분해 닭고기분말, 아마종실, 피쉬오일, 에센셜오일, DL-메치오닌, 타우린, 비타민E, 비타민C, 염화칼륨, 엽산, 바이오틴, 철분, 아연, 망간, 구리, 칼슘, 코발트 등",
        "성분구성": "조단백 35%이상, 조지방 18%이상, 칼슘 1.1%이상, 인 0.95%이상, 조섬유 4%이하, 조회분 9%이하, 수분 10%이하",
        "현재 재고 수량": "10개",
        "소비자 상담 전화": "마마캣 고객센터 (1544-6141)",
        "제품 포장 유형": "통포장 (지퍼팩 있음)"
    },
    {
        "id": 781,
        "name": "이즈칸 캣 그레인프리 올라이프 6.5kg",
        "image": "https://mamacat.co.kr/web/product/big/20191127/26a07a83c60c8eb8d3647c696f45b9f7.jpg",
        "상품 간략설명": "전연령 | 홀리스틱 (516원/100g당)",
        "가격정책": "마마캣 회원등급 할인 상품",
        "유통기한": "2022.07.20.",
        "사료등급": "홀리스틱",
        "정상 소비자가": "40,000원",
        "마마캣 판매가": "32,000원",
        "가장 높은 회원등급 할인 적용시 구매가": "30,400원 (최대 1,600원 할인)",
        "원산지": "대한민국",
        "제조자 | 수입자": "(주) 대한사료",
        "사용 연령": "전연령 (3개월 이상)",
        "100g 가격": "516원",
        "포장단위별 용량, 수량": "6.5kg",
        "법에 의한 인증 및 허가": "사료관리법에 따른 수입신고를 필함",
        "원료구성": "생닭고기, 생연어, 닭고기분, 병아리콩, 렌틸콩, 고구마분말, 치킨오일, 오션피쉬분말, 섬유소원, 가수분해 닭고기분말, 아마종실, 피쉬오일, 에센셜오일, DL-메치오닌, 타우린, 비타민E, 비타민C, 염화칼륨, 엽산, 바이오틴, 철분, 아연, 망간, 구리, 칼슘, 코발트 등",
        "성분구성": "조단백 35%이상, 조지방 18%이상, 칼슘 1.1%이상, 인 0.95%이상, 조섬유 4%이하, 조회분 9%이하, 수분 10%이하",
        "현재 재고 수량": "10개",
        "소비자 상담 전화": "마마캣 고객센터 (1544-6141)",
        "제품 포장 유형": "통포장 (지퍼 없음)"
    },
    {
        "id": 782,
        "name": "이즈칸 캣 그레인프리 유리너리 5kg",
        "image": "https://mamacat.co.kr/web/product/big/20191127/bb5667843ed0d5a1bb5c374153224c66.jpg",
        "상품 간략설명": "전연령 | 홀리스틱 (515원/100g당)",
        "가격정책": "마마캣 회원등급 할인 상품",
        "유통기한": "2022.08.17.",
        "사료등급": "홀리스틱",
        "정상 소비자가": "33,000원",
        "마마캣 판매가": "29,000원",
        "가장 높은 회원등급 할인 적용시 구매가": "27,550원 (최대 1,450원 할인)",
        "원산지": "대한민국",
        "제조자 | 수입자": "(주) 대한사료",
        "사용 연령": "전연령 (3개월 이상)",
        "100g 가격": "515원",
        "포장단위별 용량, 수량": "5kg",
        "법에 의한 인증 및 허가": "사료관리법에 따른 수입신고를 필함",
        "원료구성": "생닭고기, 생연어, 닭고기분, 병아리콩, 렌틸콩, 고구마분말, 치킨오일, 오션피쉬분말, 섬유소원, 가수분해 닭고기분말, 아마종실, 피쉬오일, 에센셜오일, DL-메티오닌, 타우린, 비타민E, 비타민C, 염화칼륨, 비타민(A,B1,B2,B3,B5,B12,C,D3,E), 엽산, 바이오틴 등",
        "성분구성": "조단백 35%이상, 조지방 18%이상, 칼슘 1.1%이상, 인 0.95%이상, 조섬유 4%이하, 조회분 9%이하, 수분 10%이하",
        "현재 재고 수량": "10개",
        "소비자 상담 전화": "마마캣 고객센터 (1544-6141)",
        "제품 포장 유형": "통포장 (지퍼 없음)"
    },
    {
        "id": 783,
        "name": "이즈칸 캣 그레인프리 중성화 체중관리 5kg",
        "image": "https://mamacat.co.kr/web/product/big/20191127/85cf658dd656271f60ad1711ded90dc0.jpg",
        "상품 간략설명": "전연령 | 홀리스틱 (515원/100g당)",
        "가격정책": "마마캣 회원등급 할인 상품",
        "유통기한": "2022.05.10.",
        "사료등급": "홀리스틱",
        "정상 소비자가": "33,000원",
        "마마캣 판매가": "29,000원",
        "가장 높은 회원등급 할인 적용시 구매가": "27,550원 (최대 1,450원 할인)",
        "원산지": "대한민국",
        "제조자 | 수입자": "(주) 대한사료",
        "사용 연령": "전연령 (3개월 이상)",
        "100g 가격": "515원",
        "포장단위별 용량, 수량": "5kg",
        "법에 의한 인증 및 허가": "사료관리법에 따른 수입신고를 필함",
        "원료구성": "생닭고기, 건조닭고기분, 홀피쉬분말, 병아리콩, 렌틸콩, 고구마, 완두콩, 타피오카, 닭기름, 가수분해닭고기분말, 가수분해닭고기천연향미제, 아마종실, 콩오일, 청어유(오메가3 지방산), 정제섬유소, 타우린, 이스트, 비타민프리믹스, 미네랄프리믹스, 카르니틴 등",
        "성분구성": "조단백 34%이상, 조지방 11%이상, 칼슘 1%이상, 인 0.8%이상, 조섬유 9%이하, 조회분 10%이하, 수분 12%이하",
        "현재 재고 수량": "15개",
        "소비자 상담 전화": "마마캣 고객센터 (1544-6141)",
        "제품 포장 유형": "통포장 (지퍼 없음)"
    },
    {
        "id": 784,
        "name": "이즈칸 캣 그레인프리 키튼 2.5kg",
        "image": "https://mamacat.co.kr/web/product/big/20191127/679624e531f7e66dc31b06b43279fff2.jpg",
        "상품 간략설명": "자묘용 | 홀리스틱 (791원/100g당)",
        "가격정책": "마마캣 회원등급 할인 상품",
        "유통기한": "2022.06.08.",
        "사료등급": "홀리스틱",
        "정상 소비자가": "22,000원",
        "마마캣 판매가": "19,000원",
        "가장 높은 회원등급 할인 적용시 구매가": "18,050원 (최대 950원 할인)",
        "원산지": "대한민국",
        "제조자 | 수입자": "(주) 대한사료",
        "사용 연령": "자묘용 (12개월 이하)",
        "100g 가격": "791원",
        "포장단위별 용량, 수량": "2.5kg",
        "법에 의한 인증 및 허가": "사료관리법에 따른 수입신고를 필함",
        "원료구성": "생연어, 생닭고기, 닭고기분, 타피오카, 감자분말, 셀룰로스 파우더, 아마종실, 치킨오일, 효모, 식염, 건조효소분해계육분, 타우린, 비타민C, 비타민E, 메티오닌, 엘라이신, 염화콜린, 유기태미네랄, 비타민&미네랄 프리믹스, 유카추출물, 포도씨추출물, 생균제 등",
        "성분구성": "조단백질 36.0%이상, 조지방 20.0%이상, 칼슘 1.1%이상, 인 0.7%이상, 조섬유 5.0%이하, 조회분 10.0%이하",
        "현재 재고 수량": "5개",
        "소비자 상담 전화": "마마캣 고객센터 (1544-6141)",
        "제품 포장 유형": "통포장 (지퍼팩 있음)"
    },
    {
        "id": 785,
        "name": "이즈칸 캣 그레인프리 키튼 6.5kg",
        "image": "https://mamacat.co.kr/web/product/big/20191127/3427a31e428de03038523587ed583c77.jpg",
        "상품 간략설명": "자묘용 | 홀리스틱 (516원/100g당)",
        "가격정책": "마마캣 회원등급 할인 상품",
        "유통기한": "2022.08.22.",
        "사료등급": "홀리스틱",
        "정상 소비자가": "40,000원",
        "마마캣 판매가": "32,000원",
        "가장 높은 회원등급 할인 적용시 구매가": "30,400원 (최대 1,600원 할인)",
        "원산지": "대한민국",
        "제조자 | 수입자": "(주) 대한사료",
        "사용 연령": "자묘용 (12개월 이하)",
        "100g 가격": "516원",
        "포장단위별 용량, 수량": "6.5kg",
        "법에 의한 인증 및 허가": "사료관리법에 따른 수입신고를 필함",
        "원료구성": "생연어, 생닭고기, 닭고기분, 타피오카, 감자분말, 셀룰로스 파우더, 아마종실, 치킨오일, 효모, 식염, 건조효소분해계육분, 타우린, 비타민C, 비타민E, 메티오닌, 엘라이신, 염화콜린, 유기태미네랄, 비타민&미네랄 프리믹스, 유카추출물, 포도씨추출물, 생균제 등",
        "성분구성": "조단백질 36.0%이상, 조지방 20.0%이상, 칼슘 1.1%이상, 인 0.7%이상, 조섬유 5.0%이하, 조회분 10.0%이하",
        "현재 재고 수량": "8개",
        "소비자 상담 전화": "마마캣 고객센터 (1544-6141)",
        "제품 포장 유형": "통포장 (지퍼 없음)"
    },
    {
        "id": 786,
        "name": "이즈칸 캣 그레인프리 하이에너지 10kg",
        "image": "https://mamacat.co.kr/web/product/big/20191219/ce6871e1bc3a2f6b0e1a7cb5b3ee007f.jpg",
        "상품 간략설명": "전연령 | 홀리스틱 (439원/100g당)",
        "가격정책": "마마캣 회원등급 할인 상품",
        "유통기한": "2022.07.25.",
        "사료등급": "홀리스틱",
        "정상 소비자가": "60,000원",
        "마마캣 판매가": "49,000원",
        "가장 높은 회원등급 할인 적용시 구매가": "46,550원 (최대 2,450원 할인)",
        "원산지": "대한민국",
        "제조자 | 수입자": "(주) 대한사료",
        "사용 연령": "전연령 (3개월 이상)",
        "100g 가격": "439원",
        "포장단위별 용량, 수량": "10kg",
        "법에 의한 인증 및 허가": "사료관리법에 따른 수입신고를 필함",
        "원료구성": "생닭고기, 생연어, 건조닭고기분, 현미, 병아리콩, 어분, 렌틸콩, 완두콩, 고구마, 타피오카, 닭기름, 가수분해닭고기분말, 가수분해닭고기천연향미제, 아마종실, 청어유, 정제섬유소, 타우린, 이스트, 비타민프리믹스, 미네랄프리믹스, 비타민E 등",
        "성분구성": "조단백질 38.0%이상, 조지방 22.0%이상, 칼슘 1.1%이상, 인 0.8%이상, 조섬유 4.0%이하, 조회분 10.0%이하, 수분 12.0%이하",
        "현재 재고 수량": "2개",
        "소비자 상담 전화": "마마캣 고객센터 (1544-6141)",
        "제품 포장 유형": "통포장 (지퍼 없음)"
    },
    {
        "id": 787,
        "name": "지위픽 캣 에어드라이 고등어&양고기 400g",
        "image": "https://mamacat.co.kr/web/product/big/20200113/2d9f5acebc3a81fdaee3fa1eef94f87b.jpg",
        "가격정책": "마마캣 회원등급 할인 상품",
        "유통기한": "2022.11.",
        "정상 소비자가": "36,000원",
        "마마캣 판매가": "34,400원",
        "가장 높은 회원등급 할인 적용시 구매가": "32,680원 (최대 1,720원 할인)",
        "원산지": "뉴질랜드",
        "제조자 | 수입자": "Ziwi Ltd",
        "사용 연령": "전연령 (3개월 이상)",
        "100g 가격": "7,975원",
        "포장단위별 용량, 수량": "400g",
        "법에 의한 인증 및 허가": "사료관리법에 따른 수입신고를 필함",
        "원료구성": "고등어, 양고기, 양 내장(심장, 트라이프, 간, 폐) 및 뼈, 뉴질랜드 녹색홍합, 레시틴, 치커리 이눌린, 건 켈프, 미네랄, 천일염, 파슬리, 구연산, 혼합토코페롤, 비타민, DL-메티오닌, 타우린",
        "성분구성": "조단백 43%이상, 조지방 25%이상, 조회분 12%이하, 조섬유 2%이하, 인 1.2%이상, 칼슘 1.4%이상, 수분 14% 이하",
        "현재 재고 수량": "6개",
        "소비자 상담 전화": "마마캣 고객센터 (1544-6141)"
    },
    {
        "id": 788,
        "name": "지위픽 캣 에어드라이 닭고기 400g",
        "image": "https://mamacat.co.kr/web/product/big/20200113/91fa7b33e3329bca268cad128c34f9c8.jpg",
        "가격정책": "마마캣 회원등급 할인 상품",
        "유통기한": "2022.12.",
        "정상 소비자가": "35,000원",
        "마마캣 판매가": "31,400원",
        "가장 높은 회원등급 할인 적용시 구매가": "29,830원 (최대 1,570원 할인)",
        "원산지": "뉴질랜드",
        "제조자 | 수입자": "Ziwi Ltd",
        "사용 연령": "전연령 (3개월 이상)",
        "100g 가격": "7,225원",
        "포장단위별 용량, 수량": "400g",
        "법에 의한 인증 및 허가": "사료관리법에 따른 수입신고를 필함",
        "원료구성": "닭고기, 닭 내장(간, 심장) 및 뼈, 뉴질랜드 녹색홍합, 레시틴, 치커리 이눌린, 건 켈프, 미네랄, 천일염, 파슬리, 구연산, 혼합토코페놀, 비타민, DL-메티오닌, 타우린",
        "성분구성": "조단백 38%이상, 조지방 30%이상, 조회분 12%이하, 조섬유 2%이하, 인 1.4%이상, 칼슘 1.6%이상, 수분 14% 이하",
        "현재 재고 수량": "2개",
        "소비자 상담 전화": "마마캣 고객센터 (1544-6141)"
    },
    {
        "id": 789,
        "name": "지위픽 캣 에어드라이 사슴고기 400g",
        "image": "https://mamacat.co.kr/web/product/big/20200113/ecaf9765c0585dc87a20b29656ceeb1c.jpg",
        "가격정책": "마마캣 회원등급 할인 상품",
        "유통기한": "2022.07.",
        "정상 소비자가": "56,000원",
        "마마캣 판매가": "42,400원",
        "가장 높은 회원등급 할인 적용시 구매가": "40,280원 (최대 2,120원 할인)",
        "원산지": "뉴질랜드",
        "제조자 | 수입자": "Ziwi Ltd",
        "사용 연령": "전연령 (3개월 이상)",
        "100g 가격": "10,600원",
        "포장단위별 용량, 수량": "400g",
        "법에 의한 인증 및 허가": "사료관리법에 따른 수입신고를 필함",
        "원료구성": "사슴고기, 사슴 내장(트라이프, 심장, 폐, 간, 신장) 및 뼈, 뉴질랜드 녹색홍합, 레시틴, 치커리 이눌린, 건 켈프, 미네랄, 천일염, 파슬리, 구연산, 혼합토코페롤, 비타민, DL-메티오닌, 타우린",
        "성분구성": "조단백 45%이상, 조지방 23%이상, 조회분 12%이하, 조섬유 2%이하, 인 1.2%이상, 칼슘 1.4%이상, 수분 14% 이하",
        "현재 재고 수량": "8개",
        "소비자 상담 전화": "마마캣 고객센터 (1544-6141)"
    },
    {
        "id": 790,
        "name": "지위픽 캣 에어드라이 소고기 400g",
        "image": "https://mamacat.co.kr/web/product/big/20200113/947c2f4a1f1c28ed6ce880239fba728e.jpg",
        "가격정책": "마마캣 회원등급 할인 상품",
        "유통기한": "2022.10.",
        "정상 소비자가": "35,000원",
        "마마캣 판매가": "32,400원",
        "가장 높은 회원등급 할인 적용시 구매가": "30,780원 (최대 1,620원 할인)",
        "원산지": "뉴질랜드",
        "제조자 | 수입자": "Ziwi Ltd",
        "사용 연령": "전연령 (3개월 이상)",
        "100g 가격": "7,475원",
        "포장단위별 용량, 수량": "400g",
        "법에 의한 인증 및 허가": "사료관리법에 따른 수입신고를 필함",
        "원료구성": "소고기, 소 내장(심장, 신장, 트라이프, 간, 폐) 및 뼈, 뉴질랜드 녹색홍합, 레시틴, 치커리 이눌린, 건 켈프, 미네랄(제2이산칼륨, 황산마그네슘, 아연아미노산, 구리아미노산, 철아미노산, 망간아미노산, 아셀렌산나트륨), 천일염, 파슬리, 구연산, 혼",
        "성분구성": "조단백 38%이상, 조지방 30%이상, 조회분 12%이하, 조섬유 2%이하, 인 1.4%이상, 칼슘 1.6%이상, 수분 14% 이하",
        "현재 재고 수량": "10개",
        "소비자 상담 전화": "마마캣 고객센터 (1544-6141)"
    },
    {
        "id": 791,
        "name": "지위픽 캣 에어드라이 양고기 400g",
        "image": "https://mamacat.co.kr/web/product/big/20200113/028504a551111419be0e1d48c8bd2ee5.jpg",
        "가격정책": "마마캣 회원등급 할인 상품",
        "유통기한": "2022.08.",
        "정상 소비자가": "35,000원",
        "마마캣 판매가": "32,400원",
        "가장 높은 회원등급 할인 적용시 구매가": "30,780원 (최대 1,620원 할인)",
        "원산지": "뉴질랜드",
        "제조자 | 수입자": "Ziwi Ltd",
        "사용 연령": "전연령 (3개월 이상)",
        "100g 가격": "7,475원",
        "포장단위별 용량, 수량": "400g",
        "법에 의한 인증 및 허가": "사료관리법에 따른 수입신고를 필함",
        "원료구성": "양고기, 양 내장 및 뼈, 뉴질랜드 녹새홍합, 치커리 이눌린, 건 켈프, 미네랄, 천일염, 파슬리, 구연산, 혼합토코페롤, 비타민, DL-메티오닌, 타우린",
        "성분구성": "조단백 35%이상, 조지방 33%이상, 조회분 12%이하, 조섬유 2%이하, 인 1.4%이상, 칼슘 1.6%이상, 수분 14% 이하",
        "현재 재고 수량": "4개",
        "소비자 상담 전화": "마마캣 고객센터 (1544-6141)"
    },
    {
        "id": 792,
        "name": "지위픽 캣 주식캔 대용량 고등어 185g × 3개",
        "image": "https://mamacat.co.kr/web/product/big/20200310/cbe358ffc233eeed81c38028cc226c10.jpg",
        "가격정책": "마마캣 회원등급 할인 상품",
        "유통기한": "2023.11.07.",
        "정상 소비자가": "14,700원",
        "마마캣 판매가": "14,700원",
        "가장 높은 회원등급 할인 적용시 구매가": "13,970원 (최대 730원 할인)",
        "원산지": "뉴질랜드",
        "제조자 | 수입자": "Ziwi Ltd",
        "사용 연령": "7개월 이상 추천",
        "100g 가격": "2,398원",
        "포장단위별 용량, 수량": "185g × 3개",
        "법에 의한 인증 및 허가": "사료관리법에 따른 수입신고를 필함",
        "원료구성": "고등어, 이집트콩, 뉴질랜드 녹색홍합, DL-메티오닌, 미네랄(제2인산칼륨, 황산마그네슘, 아연아미노산, 망간아미노산, 구리아미노산), 다시마, 비타민합제(염화콜린, 비타민 E, 비타민 B1, 비타민 B3, 비타민 B6, 비타민 B2, 비타민 D3 엽산),천일염, 타우린",
        "성분구성": "조단백 12.0% 이상, 조지방 3.0% 이상, 조회분 4.0% 이하, 조섬유 2.0% 이하, 인 0.22% 이상, 칼슘 0.28% 이상, 수분 78.0% 이하",
        "현재 재고 수량": "6개",
        "소비자 상담 전화": "마마캣 고객센터 (1544-6141)"
    },
    {
        "id": 793,
        "name": "지위픽 캣 주식캔 대용량 고등어 185g",
        "image": "https://mamacat.co.kr/web/product/big/20200310/ee092fe1431efec8d413121eee593ace.jpg",
        "가격정책": "마마캣 회원등급 할인 상품",
        "유통기한": "2023.11.07.",
        "정상 소비자가": "5,100원",
        "마마캣 판매가": "5,000원",
        "가장 높은 회원등급 할인 적용시 구매가": "4,750원 (최대 250원 할인)",
        "원산지": "뉴질랜드",
        "제조자 | 수입자": "Ziwi Ltd",
        "사용 연령": "7개월 이상 추천",
        "100g 가격": "2,497원",
        "포장단위별 용량, 수량": "185g",
        "법에 의한 인증 및 허가": "사료관리법에 따른 수입신고를 필함",
        "원료구성": "고등어, 이집트콩, 뉴질랜드 녹색홍합, DL-메티오닌, 미네랄(제2인산칼륨, 황산마그네슘, 아연아미노산, 망간아미노산, 구리아미노산), 다시마, 비타민합제(염화콜린, 비타민 E, 비타민 B1, 비타민 B3, 비타민 B6, 비타민 B2, 비타민 D3 엽산),천일염, 타우린",
        "성분구성": "조단백 12.0% 이상, 조지방 3.0% 이상, 조회분 4.0% 이하, 조섬유 2.0% 이하, 인 0.22% 이상, 칼슘 0.28% 이상, 수분 78.0% 이하",
        "현재 재고 수량": "11개",
        "소비자 상담 전화": "마마캣 고객센터 (1544-6141)"
    },
    {
        "id": 794,
        "name": "지위픽 캣 주식캔 대용량 고등어&양고기 185g × 3개",
        "image": "https://mamacat.co.kr/web/product/big/20200113/26659096a126df59ae82fa194dc18134.jpg",
        "가격정책": "마마캣 회원등급 할인 상품",
        "유통기한": "2023.11.08.",
        "정상 소비자가": "14,700원",
        "마마캣 판매가": "14,700원",
        "가장 높은 회원등급 할인 적용시 구매가": "13,970원 (최대 730원 할인)",
        "원산지": "뉴질랜드",
        "제조자 | 수입자": "Ziwi Ltd",
        "사용 연령": "7개월 이상 추천",
        "100g 가격": "2,398원",
        "포장단위별 용량, 수량": "185g × 3개",
        "법에 의한 인증 및 허가": "사료관리법에 따른 수입신고를 필함",
        "원료구성": "고등어, 수분, 양고기, 양 내장(폐, 트라이프, 심장, 신장, 간) 및 뼈, 병아리콩, 뉴질랜드 녹색홍합, DL-메티오닌, 건 켈프, 미네랄(황산마그네슘, 아연아미노산, 망간아미노산, 구리아미노산), 비타민(비타민 E, 비타민 B1, 비타민 B6 염산염, 비타민 D3 엽산),타우린",
        "성분구성": "조단백 10.5% 이상, 조지방 4% 이상, 조회분 3.0% 이하, 조섬유 2.0% 이하, 인 0.24% 이상, 칼슘 0.3% 이상, 수분 78.0% 이하",
        "현재 재고 수량": "6개",
        "소비자 상담 전화": "마마캣 고객센터 (1544-6141)"
    },
    {
        "id": 795,
        "name": "지위픽 캣 주식캔 대용량 고등어&양고기 185g",
        "image": "https://mamacat.co.kr/web/product/big/20200113/baf20e5f0fa84b1e3d49fde22b45020d.jpg",
        "가격정책": "마마캣 회원등급 할인 상품",
        "유통기한": "2023.11.08.",
        "정상 소비자가": "5,100원",
        "마마캣 판매가": "5,000원",
        "가장 높은 회원등급 할인 적용시 구매가": "4,750원 (최대 250원 할인)",
        "원산지": "뉴질랜드",
        "제조자 | 수입자": "Ziwi Ltd",
        "사용 연령": "7개월 이상 추천",
        "100g 가격": "2,497원",
        "포장단위별 용량, 수량": "185g",
        "법에 의한 인증 및 허가": "사료관리법에 따른 수입신고를 필함",
        "원료구성": "고등어, 수분, 양고기, 양 내장(폐, 트라이프, 심장, 신장, 간) 및 뼈, 병아리콩, 뉴질랜드 녹색홍합, DL-메티오닌, 건 켈프, 미네랄(황산마그네슘, 아연아미노산, 망간아미노산, 구리아미노산), 비타민(비타민 E, 비타민 B1, 비타민 B6 염산염, 비타민 D3 엽산),타우린",
        "성분구성": "조단백 10.5% 이상, 조지방 4% 이상, 조회분 3.0% 이하, 조섬유 2.0% 이하, 인 0.24% 이상, 칼슘 0.3% 이상, 수분 78.0% 이하",
        "현재 재고 수량": "9개",
        "소비자 상담 전화": "마마캣 고객센터 (1544-6141)"
    },
    {
        "id": 796,
        "name": "지위픽 캣 주식캔 대용량 닭고기 185g × 3개",
        "image": "https://mamacat.co.kr/web/product/big/20200113/2de262b55200bf4fb80c2ef9d4f8fee4.jpg",
        "가격정책": "마마캣 회원등급 할인 상품",
        "유통기한": "2023.11.14.",
        "정상 소비자가": "15,000원",
        "마마캣 판매가": "14,700원",
        "가장 높은 회원등급 할인 적용시 구매가": "13,970원 (최대 730원 할인)",
        "원산지": "뉴질랜드",
        "제조자 | 수입자": "Ziwi Ltd",
        "사용 연령": "전연령",
        "100g 가격": "2,398원",
        "포장단위별 용량, 수량": "185g × 3개",
        "법에 의한 인증 및 허가": "사료관리법에 따른 수입신고를 필함",
        "원료구성": "닭고기, 수분, 닭내장(간,심장) 및 뼈, 병아리콩, 뉴질랜드 녹색홍합, DL-메티오닌, 미네랄(황산마그네슘, 아연아미노산, 망간아미노산, 구리아미노산), 건 켈프, 비타민(염화콜린, 비타민E, 비타민B1, 비타민B3, 비타민B6염산염, 비타민B2, 비타민D3 엽산), 천일염 등",
        "성분구성": "조단백질 9%이상, 조지방 5.5%이상, 조회분 3%이하, 조섬유 1%이하, 인 0.24%이상, 칼슘 0.3%이상, 수분 78% 이하",
        "현재 재고 수량": "21개",
        "소비자 상담 전화": "마마캣 고객센터 (1544-6141)"
    },
    {
        "id": 797,
        "name": "지위픽 캣 주식캔 대용량 닭고기 185g",
        "image": "https://mamacat.co.kr/web/product/big/20200113/62663679457c52da5d0f43b4e7b8e42c.jpg",
        "가격정책": "마마캣 회원등급 할인 상품",
        "유통기한": "2023.11.14.",
        "정상 소비자가": "6,000원",
        "마마캣 판매가": "5,000원",
        "가장 높은 회원등급 할인 적용시 구매가": "4,750원 (최대 250원 할인)",
        "원산지": "뉴질랜드",
        "제조자 | 수입자": "Ziwi Ltd",
        "사용 연령": "전연령",
        "100g 가격": "2,497원",
        "포장단위별 용량, 수량": "185g",
        "법에 의한 인증 및 허가": "사료관리법에 따른 수입신고를 필함",
        "원료구성": "닭고기, 수분, 닭내장(간,심장) 및 뼈, 병아리콩, 뉴질랜드 녹색홍합, DL-메티오닌, 미네랄(황산마그네슘, 아연아미노산, 망간아미노산, 구리아미노산), 건 켈프, 비타민(염화콜린, 비타민E, 비타민B1, 비타민B3, 비타민B6염산염, 비타민B2, 비타민D3 엽산), 천일염 등",
        "성분구성": "조단백질 9%이상, 조지방 5.5%이상, 조회분 3%이하, 조섬유 1%이하, 인 0.24%이상, 칼슘 0.3%이상, 수분 78% 이하",
        "현재 재고 수량": "10개",
        "소비자 상담 전화": "마마캣 고객센터 (1544-6141)"
    },
    {
        "id": 798,
        "name": "지위픽 캣 주식캔 대용량 사슴고기 185g × 3개",
        "image": "https://mamacat.co.kr/web/product/big/20200113/d7d6e8b2351f87cb185f07ee2faa603b.jpg",
        "가격정책": "마마캣 회원등급 할인 상품",
        "유통기한": "2023.01.23",
        "정상 소비자가": "24,000원",
        "마마캣 판매가": "21,900원",
        "가장 높은 회원등급 할인 적용시 구매가": "20,810원 (최대 1,090원 할인)",
        "원산지": "뉴질랜드",
        "제조자 | 수입자": "Ziwi Ltd",
        "사용 연령": "7개월 이상 추천",
        "100g 가격": "3,732원",
        "포장단위별 용량, 수량": "185g × 3개",
        "법에 의한 인증 및 허가": "사료관리법에 따른 수입신고를 필함",
        "원료구성": "사슴고기, 수분, 사슴 내장(간, 폐, 심장, 신장, 트라이프) 및 뼈, 병아리콩, 뉴질랜드 녹색홍합, DL-메티오닌, 건 켈프, 미네랄(황산마그네슘, 아연아미노산, 망간아미노산, 구리아미노산), 비타민(비타민 E, 비타민 B1, 비타민 B6 염산염, 비타민 D3, 엽산), 타우린",
        "성분구성": "조단백 10.0% 이상, 조지방 4.0% 이상, 조회분 3.0% 이하, 조섬유 2.0% 이하, 인 0.26% 이상, 칼슘 0.29% 이상, 수분 78.0% 이하",
        "현재 재고 수량": "22개",
        "소비자 상담 전화": "마마캣 고객센터 (1544-6141)"
    },
    {
        "id": 799,
        "name": "지위픽 캣 주식캔 대용량 사슴고기 185g",
        "image": "https://mamacat.co.kr/web/product/big/20200113/1b20ba6ee92e1c01e2875c24b05ec697.jpg",
        "가격정책": "마마캣 회원등급 할인 상품",
        "유통기한": "2023.01.23",
        "정상 소비자가": "8,500원",
        "마마캣 판매가": "7,500원",
        "가장 높은 회원등급 할인 적용시 구매가": "7,130원 (최대 370원 할인)",
        "원산지": "뉴질랜드",
        "제조자 | 수입자": "Ziwi Ltd",
        "사용 연령": "7개월 이상 추천",
        "100g 가격": "3,778원",
        "포장단위별 용량, 수량": "185g",
        "법에 의한 인증 및 허가": "사료관리법에 따른 수입신고를 필함",
        "원료구성": "사슴고기, 수분, 사슴 내장(간, 폐, 심장, 신장, 트라이프) 및 뼈, 병아리콩, 뉴질랜드 녹색홍합, DL-메티오닌, 건 켈프, 미네랄(황산마그네슘, 아연아미노산, 망간아미노산, 구리아미노산), 비타민(비타민 E, 비타민 B1, 비타민 B6 염산염, 비타민 D3, 엽산), 타우린",
        "성분구성": "조단백 10.0% 이상, 조지방 4.0% 이상, 조회분 3.0% 이하, 조섬유 2.0% 이하, 인 0.26% 이상, 칼슘 0.29% 이상, 수분 78.0% 이하",
        "현재 재고 수량": "14개",
        "소비자 상담 전화": "마마캣 고객센터 (1544-6141)"
    },
    {
        "id": 800,
        "name": "지위픽 캣 주식캔 대용량 소고기 185g × 3개",
        "image": "https://mamacat.co.kr/web/product/big/20200113/f1e9757d450347272f72f32bd46cf251.jpg",
        "가격정책": "마마캣 회원등급 할인 상품",
        "유통기한": "2023.11.12.",
        "정상 소비자가": "15,000원",
        "마마캣 판매가": "14,700원",
        "가장 높은 회원등급 할인 적용시 구매가": "13,970원 (최대 730원 할인)",
        "원산지": "뉴질랜드",
        "제조자 | 수입자": "Ziwi Ltd",
        "사용 연령": "7개월 이상 추천",
        "100g 가격": "2,398원",
        "포장단위별 용량, 수량": "185g × 3개",
        "법에 의한 인증 및 허가": "사료관리법에 따른 수입신고를 필함",
        "원료구성": "소고기, 수분, 소 내장(폐, 신장, 트라이프, 간) 및 뼈, 병아리콩, 뉴질랜드 녹색홍합, DL-메타오닌, 건 켈프, 미네랄(황산마그네슘, 아연아미노산, 망간아미노산, 구리아미노산), 비타민(비타민 E, 비타민 B1, 비타민 B6 염산염, 엽산, 비타민 D3), 타우린",
        "성분구성": "조단백 9.0% 이상, 조지방 5.5% 이상, 조회분 4.0% 이하, 조섬유 2.0% 이하, 인 0.24% 이상, 칼슘 0.3% 이상, 수분 78.0% 이하",
        "현재 재고 수량": "15개",
        "소비자 상담 전화": "마마캣 고객센터 (1544-6141)"
    },
    {
        "id": 801,
        "name": "지위픽 캣 주식캔 대용량 소고기 185g",
        "image": "https://mamacat.co.kr/web/product/big/20200113/a1d5b76ca2b0c03e6d86d17145673958.jpg",
        "가격정책": "마마캣 회원등급 할인 상품",
        "유통기한": "2023.11.12.",
        "정상 소비자가": "5,000원",
        "마마캣 판매가": "5,000원",
        "가장 높은 회원등급 할인 적용시 구매가": "4,750원 (최대 250원 할인)",
        "원산지": "뉴질랜드",
        "제조자 | 수입자": "Ziwi Ltd",
        "사용 연령": "7개월 이상 추천",
        "100g 가격": "2,497원",
        "포장단위별 용량, 수량": "185g",
        "법에 의한 인증 및 허가": "사료관리법에 따른 수입신고를 필함",
        "원료구성": "소고기, 수분, 소 내장(폐, 신장, 트라이프, 간) 및 뼈, 병아리콩, 뉴질랜드 녹색홍합, DL-메타오닌, 건 켈프, 미네랄(황산마그네슘, 아연아미노산, 망간아미노산, 구리아미노산), 비타민(비타민 E, 비타민 B1, 비타민 B6 염산염, 엽산, 비타민 D3), 타우린",
        "성분구성": "조단백 9.0% 이상, 조지방 5.5% 이상, 조회분 4.0% 이하, 조섬유 2.0% 이하, 인 0.24% 이상, 칼슘 0.3% 이상, 수분 78.0% 이하",
        "현재 재고 수량": "13개",
        "소비자 상담 전화": "마마캣 고객센터 (1544-6141)"
    },
    {
        "id": 802,
        "name": "지위픽 캣 주식캔 대용량 양고기 185g × 3개",
        "image": "https://mamacat.co.kr/web/product/big/20200113/894cf810c67c9fc205072b821d1c0061.jpg",
        "가격정책": "마마캣 회원등급 할인 상품",
        "유통기한": "2023.04.17",
        "정상 소비자가": "15,000원",
        "마마캣 판매가": "14,700원",
        "가장 높은 회원등급 할인 적용시 구매가": "13,970원 (최대 730원 할인)",
        "원산지": "뉴질랜드",
        "제조자 | 수입자": "Ziwi Ltd",
        "사용 연령": "7개월 이상 추천",
        "100g 가격": "2,398원",
        "포장단위별 용량, 수량": "185g × 3개",
        "법에 의한 인증 및 허가": "사료관리법에 따른 수입신고를 필함",
        "원료구성": "양고기, 수분, 양 내장(폐, 신장, 간, 트라이프, 심장) 및 뼈, 병아리콩, 뉴질랜드 녹색홍합, DL-메티오닌, 건 켈프, 미네랄(황산마그네슘, 아연아미노산, 망간아미노산, 구리아미노산), 비타민(비타민 E, 비타민 B1, 비타민 B6 염산염, 엽산, 비타민 D3), 타우린",
        "성분구성": "조단백 9.5% 이상, 조지방 6% 이상, 조회분 3.0% 이하, 조섬유 2.0% 이하, 인 0.25% 이상, 칼슘 0.32% 이상, 수분 78.0% 이하",
        "현재 재고 수량": "24개",
        "소비자 상담 전화": "마마캣 고객센터 (1544-6141)"
    },
    {
        "id": 803,
        "name": "지위픽 캣 주식캔 대용량 양고기 185g",
        "image": "https://mamacat.co.kr/web/product/big/20200113/ba14a7d297995e65045801538879206b.jpg",
        "가격정책": "마마캣 회원등급 할인 상품",
        "유통기한": "2023.04.17",
        "정상 소비자가": "5,000원",
        "마마캣 판매가": "5,000원",
        "가장 높은 회원등급 할인 적용시 구매가": "4,750원 (최대 250원 할인)",
        "원산지": "뉴질랜드",
        "제조자 | 수입자": "Ziwi Ltd",
        "사용 연령": "7개월 이상 추천",
        "100g 가격": "2,497원",
        "포장단위별 용량, 수량": "185g",
        "법에 의한 인증 및 허가": "사료관리법에 따른 수입신고를 필함",
        "원료구성": "양고기, 수분, 양 내장(폐, 신장, 간, 트라이프, 심장) 및 뼈, 병아리콩, 뉴질랜드 녹색홍합, DL-메티오닌, 건 켈프, 미네랄(황산마그네슘, 아연아미노산, 망간아미노산, 구리아미노산), 비타민(비타민 E, 비타민 B1, 비타민 B6 염산염, 엽산, 비타민 D3), 타우린",
        "성분구성": "조단백 9.5% 이상, 조지방 6% 이상, 조회분 3.0% 이하, 조섬유 2.0% 이하, 인 0.25% 이상, 칼슘 0.32% 이상, 수분 78.0% 이하",
        "현재 재고 수량": "11개",
        "소비자 상담 전화": "마마캣 고객센터 (1544-6141)"
    },
    {
        "id": 804,
        "name": "지위픽 캣 주식캔 소용량 6종 맛보기 85g × 6개",
        "image": "https://mamacat.co.kr/web/product/big/202105/8d9e5801a3865ebaec94985a7a27ff23.png",
        "가격정책": "마마캣 회원등급 할인 상품",
        "유통기한": "각 상품 상세페이지 참고",
        "정상 소비자가": "26,000원",
        "마마캣 판매가": "25,200원",
        "가장 높은 회원등급 할인 적용시 구매가": "23,940원 (최대 1,260원 할인)",
        "원산지": "뉴질랜드",
        "제조자 | 수입자": "Ziwi Ltd",
        "사용 연령": "7개월 이상 추천",
        "포장단위별 용량, 수량": "85g × 6개",
        "법에 의한 인증 및 허가": "사료관리법에 따른 수입신고를 필함",
        "원료구성": "각 상품 상세페이지 참고",
        "성분구성": "각 상품 상세페이지 참고",
        "현재 재고 수량": "14개",
        "소비자 상담 전화": "마마캣 고객센터 (1544-6141)"
    },
    {
        "id": 805,
        "name": "지위픽 캣 주식캔 소용량 고등어 85g × 3개",
        "image": "https://mamacat.co.kr/web/product/big/20200310/071c149e7b1a7d8da3014e4b84105f13.jpg",
        "가격정책": "마마캣 회원등급 할인 상품",
        "유통기한": "2023.11.06.",
        "정상 소비자가": "12,000원",
        "마마캣 판매가": "11,400원",
        "가장 높은 회원등급 할인 적용시 구매가": "10,830원 (최대 570원 할인)",
        "원산지": "뉴질랜드",
        "제조자 | 수입자": "Ziwi Ltd",
        "사용 연령": "7개월 이상 추천",
        "100g 가격": "3,851원",
        "포장단위별 용량, 수량": "85g × 3개",
        "법에 의한 인증 및 허가": "사료관리법에 따른 수입신고를 필함",
        "원료구성": "고등어, 이집트콩, 뉴질랜드 녹색홍합, DL-메티오닌, 미네랄(제2인산칼륨, 황산마그네슘, 아연아미노산, 망간아미노산, 구리아미노산), 다시마, 비타민합제(염화콜린, 비타민 E, 비타민 B1, 비타민 B3, 비타민 B6, 비타민 B2, 비타민 D3 엽산),천일염, 타우린",
        "성분구성": "조단백 12.0% 이상, 조지방 3.0% 이상, 조회분 4.0% 이하, 조섬유 2.0% 이하, 인 0.22% 이상, 칼슘 0.28% 이상, 수분 78.0% 이하",
        "현재 재고 수량": "10개",
        "소비자 상담 전화": "마마캣 고객센터 (1544-6141)"
    },
    {
        "id": 806,
        "name": "지위픽 캣 주식캔 소용량 고등어 85g",
        "image": "https://mamacat.co.kr/web/product/big/20200310/42b52424b95640e5d9a916b17ffabe8b.jpg",
        "가격정책": "마마캣 회원등급 할인 상품",
        "유통기한": "2023.11.06.",
        "정상 소비자가": "4,000원",
        "마마캣 판매가": "4,000원",
        "가장 높은 회원등급 할인 적용시 구매가": "3,800원 (최대 200원 할인)",
        "원산지": "뉴질랜드",
        "제조자 | 수입자": "Ziwi Ltd",
        "사용 연령": "7개월 이상 추천",
        "100g 가격": "3,941원",
        "포장단위별 용량, 수량": "85g",
        "법에 의한 인증 및 허가": "사료관리법에 따른 수입신고를 필함",
        "원료구성": "고등어, 이집트콩, 뉴질랜드 녹색홍합, DL-메티오닌, 미네랄(제2인산칼륨, 황산마그네슘, 아연아미노산, 망간아미노산, 구리아미노산), 다시마, 비타민합제(염화콜린, 비타민 E, 비타민 B1, 비타민 B3, 비타민 B6, 비타민 B2, 비타민 D3 엽산),천일염, 타우린",
        "성분구성": "조단백 12.0% 이상, 조지방 3.0% 이상, 조회분 4.0% 이하, 조섬유 2.0% 이하, 인 0.22% 이상, 칼슘 0.28% 이상, 수분 78.0% 이하",
        "현재 재고 수량": "19개",
        "소비자 상담 전화": "마마캣 고객센터 (1544-6141)"
    },
    {
        "id": 807,
        "name": "지위픽 캣 주식캔 소용량 고등어&양고기 85g × 3개",
        "image": "https://mamacat.co.kr/web/product/big/20200113/d9f3be16e7900e584a34221708db626d.jpg",
        "가격정책": "마마캣 회원등급 할인 상품",
        "유통기한": "2023.11.05.",
        "정상 소비자가": "12,000원",
        "마마캣 판매가": "11,400원",
        "가장 높은 회원등급 할인 적용시 구매가": "10,830원 (최대 570원 할인)",
        "원산지": "뉴질랜드",
        "제조자 | 수입자": "Ziwi Ltd",
        "사용 연령": "7개월 이상 추천",
        "100g 가격": "3,851원",
        "포장단위별 용량, 수량": "85g × 3개",
        "법에 의한 인증 및 허가": "사료관리법에 따른 수입신고를 필함",
        "원료구성": "고등어, 수분, 양고기, 양 내장(폐, 트라이프, 심장, 신장, 간) 및 뼈, 병아리콩, 뉴질랜드 녹색홍합, DL-메티오닌, 건 켈프, 미네랄(황산마그네슘, 아연아미노산, 망간아미노산, 구리아미노산), 비타민(비타민 E, 비타민 B1, 비타민 B6 염산염, 비타민 D3 엽산),타우린",
        "성분구성": "조단백 10.5% 이상, 조지방 4% 이상, 조회분 3.0% 이하, 조섬유 2.0% 이하, 인 0.24% 이상, 칼슘 0.3% 이상, 수분 78.0% 이하",
        "현재 재고 수량": "6개",
        "소비자 상담 전화": "마마캣 고객센터 (1544-6141)"
    },
    {
        "id": 808,
        "name": "지위픽 캣 주식캔 소용량 고등어&양고기 85g",
        "image": "https://mamacat.co.kr/web/product/big/20200113/a193a9bbe5a35b2b382a54f407856a43.jpg",
        "가격정책": "마마캣 회원등급 할인 상품",
        "유통기한": "2023.11.05.",
        "정상 소비자가": "4,000원",
        "마마캣 판매가": "4,000원",
        "가장 높은 회원등급 할인 적용시 구매가": "3,800원 (최대 200원 할인)",
        "원산지": "뉴질랜드",
        "제조자 | 수입자": "Ziwi Ltd",
        "사용 연령": "7개월 이상 추천",
        "100g 가격": "3,941원",
        "포장단위별 용량, 수량": "85g",
        "법에 의한 인증 및 허가": "사료관리법에 따른 수입신고를 필함",
        "원료구성": "고등어, 수분, 양고기, 양 내장(폐, 트라이프, 심장, 신장, 간) 및 뼈, 병아리콩, 뉴질랜드 녹색홍합, DL-메티오닌, 건 켈프, 미네랄(황산마그네슘, 아연아미노산, 망간아미노산, 구리아미노산), 비타민(비타민 E, 비타민 B1, 비타민 B6 염산염, 비타민 D3 엽산),타우린",
        "성분구성": "조단백 10.5% 이상, 조지방 4% 이상, 조회분 3.0% 이하, 조섬유 2.0% 이하, 인 0.24% 이상, 칼슘 0.3% 이상, 수분 78.0% 이하",
        "현재 재고 수량": "19개",
        "소비자 상담 전화": "마마캣 고객센터 (1544-6141)"
    },
    {
        "id": 809,
        "name": "지위픽 캣 주식캔 소용량 닭고기 85g × 3개",
        "image": "https://mamacat.co.kr/web/product/big/20200113/276c63a8cc1b3c282225a21c0dd0e83f.jpg",
        "가격정책": "마마캣 회원등급 할인 상품",
        "유통기한": "2023.10.14.",
        "정상 소비자가": "12,000원",
        "마마캣 판매가": "11,400원",
        "가장 높은 회원등급 할인 적용시 구매가": "10,830원 (최대 570원 할인)",
        "원산지": "뉴질랜드",
        "제조자 | 수입자": "Ziwi Ltd",
        "사용 연령": "전연령",
        "100g 가격": "4,055원",
        "포장단위별 용량, 수량": "85g × 3개",
        "법에 의한 인증 및 허가": "사료관리법에 따른 수입신고를 필함",
        "원료구성": "닭고기, 수분, 닭내장(간,심장) 및 뼈, 병아리콩, 뉴질랜드 녹색홍합, DL-메티오닌, 미네랄(황산마그네슘, 아연아미노산, 망간아미노산, 구리아미노산), 건 켈프, 비타민(염화콜린, 비타민E, 비타민B1, 비타민B3, 비타민B6염산염, 비타민B2, 비타민D3 엽산), 천일염 등",
        "성분구성": "조단백질 9%이상, 조지방 5.5%이상, 조회분 3%이하, 조섬유 1%이하, 인 0.24%이상, 칼슘 0.3%이상, 수분 78% 이하",
        "현재 재고 수량": "40개",
        "소비자 상담 전화": "마마캣 고객센터 (1544-6141)"
    },
    {
        "id": 810,
        "name": "지위픽 캣 주식캔 소용량 닭고기 85g",
        "image": "https://mamacat.co.kr/web/product/big/20200113/99d26714c2dd43474cd0eaed30670e40.jpg",
        "가격정책": "마마캣 회원등급 할인 상품",
        "유통기한": "2023.10.14.",
        "정상 소비자가": "4,000원",
        "마마캣 판매가": "4,000원",
        "가장 높은 회원등급 할인 적용시 구매가": "3,800원 (최대 200원 할인)",
        "원산지": "뉴질랜드",
        "제조자 | 수입자": "Ziwi Ltd",
        "사용 연령": "전연령",
        "100g 가격": "4,153원",
        "포장단위별 용량, 수량": "85g",
        "법에 의한 인증 및 허가": "사료관리법에 따른 수입신고를 필함",
        "원료구성": "닭고기, 수분, 닭내장(간,심장) 및 뼈, 병아리콩, 뉴질랜드 녹색홍합, DL-메티오닌, 미네랄(황산마그네슘, 아연아미노산, 망간아미노산, 구리아미노산), 건 켈프, 비타민(염화콜린, 비타민E, 비타민B1, 비타민B3, 비타민B6염산염, 비타민B2, 비타민D3 엽산), 천일염 등",
        "성분구성": "조단백질 9%이상, 조지방 5.5%이상, 조회분 3%이하, 조섬유 1%이하, 인 0.24%이상, 칼슘 0.3%이상, 수분 78% 이하",
        "현재 재고 수량": "22개",
        "소비자 상담 전화": "마마캣 고객센터 (1544-6141)"
    },
    {
        "id": 811,
        "name": "지위픽 캣 주식캔 소용량 사슴고기 85g × 3개",
        "image": "https://mamacat.co.kr/web/product/big/20200113/c442c174c5e764ba8b7a0cdb69b6fb8e.jpg",
        "가격정책": "마마캣 회원등급 할인 상품",
        "유통기한": "2022.03.14",
        "정상 소비자가": "18,000원",
        "마마캣 판매가": "18,000원",
        "가장 높은 회원등급 할인 적용시 구매가": "17,100원 (최대 900원 할인)",
        "원산지": "뉴질랜드",
        "제조자 | 수입자": "Ziwi Ltd",
        "사용 연령": "7개월 이상 추천",
        "100g 가격": "5,773원",
        "포장단위별 용량, 수량": "85g × 3개",
        "법에 의한 인증 및 허가": "사료관리법에 따른 수입신고를 필함",
        "원료구성": "사슴고기, 수분, 사슴 내장(간, 폐, 심장, 신장, 트라이프) 및 뼈, 병아리콩, 뉴질랜드 녹색홍합, DL-메티오닌, 건 켈프, 미네랄(황산마그네슘, 아연아미노산, 망간아미노산, 구리아미노산), 비타민(비타민 E, 비타민 B1, 비타민 B6 염산염, 비타민 D3, 엽산), 타우린",
        "성분구성": "조단백 10.0% 이상, 조지방 4.0% 이상, 조회분 3.0% 이하, 조섬유 2.0% 이하, 인 0.26% 이상, 칼슘 0.29% 이상, 수분 78.0% 이하",
        "현재 재고 수량": "36개",
        "소비자 상담 전화": "마마캣 고객센터 (1544-6141)"
    },
    {
        "id": 812,
        "name": "지위픽 캣 주식캔 소용량 사슴고기 85g",
        "image": "https://mamacat.co.kr/web/product/big/20200113/00ddc618e809e49b92ce35be643a2a3f.jpg",
        "가격정책": "마마캣 회원등급 할인 상품",
        "유통기한": "2023.08.18",
        "정상 소비자가": "6,000원",
        "마마캣 판매가": "6,000원",
        "가장 높은 회원등급 할인 적용시 구매가": "5,700원 (최대 300원 할인)",
        "원산지": "뉴질랜드",
        "제조자 | 수입자": "Ziwi Ltd",
        "사용 연령": "전연령",
        "100g 가격": "5,906원",
        "포장단위별 용량, 수량": "85g",
        "법에 의한 인증 및 허가": "사료관리법에 따른 수입신고를 필함",
        "원료구성": "사슴고기, 수분, 사슴 내장(간, 폐, 심장, 신장, 트라이프) 및 뼈, 병아리콩, 뉴질랜드 녹색홍합, DL-메티오닌, 건 켈프, 미네랄(황산마그네슘, 아연아미노산, 망간아미노산, 구리아미노산), 비타민(비타민 E, 비타민 B1, 비타민 B6 염산염, 비타민 D3, 엽산), 타우린",
        "성분구성": "조단백 10.0% 이상, 조지방 4.0% 이상, 조회분 3.0% 이하, 조섬유 2.0% 이하, 인 0.26% 이상, 칼슘 0.29% 이상, 수분 78.0% 이하",
        "현재 재고 수량": "21개",
        "소비자 상담 전화": "마마캣 고객센터 (1544-6141)"
    },
    {
        "id": 813,
        "name": "지위픽 캣 주식캔 소용량 소고기 85g × 3개",
        "image": "https://mamacat.co.kr/web/product/big/20200113/1fad0200935811cd59546e171eaa3886.jpg",
        "가격정책": "마마캣 회원등급 할인 상품",
        "유통기한": "2024.02.15.",
        "정상 소비자가": "12,000원",
        "마마캣 판매가": "11,400원",
        "가장 높은 회원등급 할인 적용시 구매가": "10,830원 (최대 570원 할인)",
        "원산지": "뉴질랜드",
        "제조자 | 수입자": "Ziwi Ltd",
        "사용 연령": "7개월 이상 추천",
        "100g 가격": "3,847원",
        "포장단위별 용량, 수량": "85g × 3개",
        "법에 의한 인증 및 허가": "사료관리법에 따른 수입신고를 필함",
        "원료구성": "소고기, 수분, 소 내장(폐, 신장, 트라이프, 간) 및 뼈, 병아리콩, 뉴질랜드 녹색홍합, DL-메타오닌, 건 켈프, 미네랄(황산마그네슘, 아연아미노산, 망간아미노산, 구리아미노산), 비타민(비타민 E, 비타민 B1, 비타민 B6 염산염, 엽산, 비타민 D3), 타우린",
        "성분구성": "조단백 9.0% 이상, 조지방 5.5% 이상, 조회분 4.0% 이하, 조섬유 2.0% 이하, 인 0.24% 이상, 칼슘 0.3% 이상, 수분 78.0% 이하",
        "현재 재고 수량": "33개",
        "소비자 상담 전화": "마마캣 고객센터 (1544-6141)"
    },
    {
        "id": 814,
        "name": "지위픽 캣 주식캔 소용량 소고기 85g",
        "image": "https://mamacat.co.kr/web/product/big/20200113/e96d736cd2376d2dfe79d959b8f6925c.jpg",
        "가격정책": "마마캣 회원등급 할인 상품",
        "유통기한": "2024.02.15.",
        "정상 소비자가": "4,000원",
        "마마캣 판매가": "4,000원",
        "가장 높은 회원등급 할인 적용시 구매가": "3,800원 (최대 200원 할인)",
        "원산지": "뉴질랜드",
        "제조자 | 수입자": "Ziwi Ltd",
        "사용 연령": "7개월 이상 추천",
        "100g 가격": "3,941원",
        "포장단위별 용량, 수량": "85g",
        "법에 의한 인증 및 허가": "사료관리법에 따른 수입신고를 필함",
        "원료구성": "소고기, 수분, 소 내장(폐, 신장, 트라이프, 간) 및 뼈, 병아리콩, 뉴질랜드 녹색홍합, DL-메타오닌, 건 켈프, 미네랄(황산마그네슘, 아연아미노산, 망간아미노산, 구리아미노산), 비타민(비타민 E, 비타민 B1, 비타민 B6 염산염, 엽산, 비타민 D3), 타우린",
        "성분구성": "조단백 9.0% 이상, 조지방 5.5% 이상, 조회분 4.0% 이하, 조섬유 2.0% 이하, 인 0.24% 이상, 칼슘 0.3% 이상, 수분 78.0% 이하",
        "현재 재고 수량": "18개",
        "소비자 상담 전화": "마마캣 고객센터 (1544-6141)"
    },
    {
        "id": 815,
        "name": "지위픽 캣 주식캔 소용량 양고기 85g × 3개",
        "image": "https://mamacat.co.kr/web/product/big/20200113/298e0f806409b30764b45eb3e42dd3ff.jpg",
        "가격정책": "마마캣 회원등급 할인 상품",
        "유통기한": "2023.05.13.",
        "정상 소비자가": "12,000원",
        "마마캣 판매가": "11,400원",
        "가장 높은 회원등급 할인 적용시 구매가": "10,830원 (최대 570원 할인)",
        "원산지": "뉴질랜드",
        "제조자 | 수입자": "Ziwi Ltd",
        "사용 연령": "7개월 이상 추천",
        "100g 가격": "3,847원",
        "포장단위별 용량, 수량": "85g × 3개",
        "법에 의한 인증 및 허가": "사료관리법에 따른 수입신고를 필함",
        "원료구성": "양고기, 수분, 양 내장(폐, 신장, 간, 트라이프, 심장) 및 뼈, 병아리콩, 뉴질랜드 녹색홍합, DL-메티오닌, 건 켈프, 미네랄(황산마그네슘, 아연아미노산, 망간아미노산, 구리아미노산), 비타민(비타민 E, 비타민 B1, 비타민 B6 염산염, 엽산, 비타민 D3), 타우린",
        "성분구성": "조단백 9.5% 이상, 조지방 6% 이상, 조회분 3.0% 이하, 조섬유 2.0% 이하, 인 0.25% 이상, 칼슘 0.32% 이상, 수분 78.0% 이하",
        "현재 재고 수량": "44개",
        "소비자 상담 전화": "마마캣 고객센터 (1544-6141)"
    },
    {
        "id": 816,
        "name": "지위픽 캣 주식캔 소용량 양고기 85g",
        "image": "https://mamacat.co.kr/web/product/big/20200113/31df71a359aaace769a60612344f4ff8.jpg",
        "가격정책": "마마캣 회원등급 할인 상품",
        "유통기한": "2023.05.13.",
        "정상 소비자가": "4,000원",
        "마마캣 판매가": "4,000원",
        "가장 높은 회원등급 할인 적용시 구매가": "3,800원 (최대 200원 할인)",
        "원산지": "뉴질랜드",
        "제조자 | 수입자": "Ziwi Ltd",
        "사용 연령": "7개월 이상 추천",
        "100g 가격": "3,941원",
        "포장단위별 용량, 수량": "85g",
        "법에 의한 인증 및 허가": "사료관리법에 따른 수입신고를 필함",
        "원료구성": "양고기, 수분, 양 내장(폐, 신장, 간, 트라이프, 심장) 및 뼈, 병아리콩, 뉴질랜드 녹색홍합, DL-메티오닌, 건 켈프, 미네랄(황산마그네슘, 아연아미노산, 망간아미노산, 구리아미노산), 비타민(비타민 E, 비타민 B1, 비타민 B6 염산염, 엽산, 비타민 D3), 타우린",
        "성분구성": "조단백 9.5% 이상, 조지방 6% 이상, 조회분 3.0% 이하, 조섬유 2.0% 이하, 인 0.25% 이상, 칼슘 0.32% 이상, 수분 78.0% 이하",
        "현재 재고 수량": "23개",
        "소비자 상담 전화": "마마캣 고객센터 (1544-6141)"
    },
    {
        "id": 817,
        "name": "카루 캣 스튜 4종 맛보기 170g × 4개",
        "image": "https://mamacat.co.kr/web/product/big/20200120/d9e66e7a87b720ce16ac7fe38bd1c3e2.jpg",
        "가격정책": "마마캣 회원등급 할인 상품",
        "유통기한": "각 상품 상세페이지 참고",
        "정상 소비자가": "24,000원",
        "마마캣 판매가": "24,000원",
        "가장 높은 회원등급 할인 적용시 구매가": "22,800원 (최대 1,200원 할인)",
        "원산지": "미국",
        "제조자 | 수입자": "Caru Pet Food Company LLP",
        "사용 연령": "전연령",
        "100g 가격": "3,529원",
        "포장단위별 용량, 수량": "170g × 4개",
        "법에 의한 인증 및 허가": "사료관리법에 따른 수입신고를 필함",
        "원료구성": "각 상품 상세페이지 참고",
        "성분구성": "각 상품 상세페이지 참고",
        "현재 재고 수량": "4개",
        "소비자 상담 전화": "마마캣 고객센터 (1544-6141)"
    },
    {
        "id": 818,
        "name": "카루 캣 스튜 클래식 연어&칠면조 170g",
        "image": "https://mamacat.co.kr/web/product/big/20200120/202b6a7d43cb6eafac992ee2476cfc56.jpg",
        "가격정책": "마마캣 회원등급 할인 상품",
        "유통기한": "2023.02.",
        "정상 소비자가": "6,000원",
        "마마캣 판매가": "6,000원",
        "가장 높은 회원등급 할인 적용시 구매가": "5,700원 (최대 300원 할인)",
        "원산지": "미국",
        "제조자 | 수입자": "Caru Pet Food Company LLP",
        "사용 연령": "전연령",
        "100g 가격": "3,529원",
        "포장단위별 용량, 수량": "170g",
        "법에 의한 인증 및 허가": "사료관리법에 따른 수입신고를 필함",
        "원료구성": "연어, 생선육수, 칠면조, 타피오카 전분, 난백, 당근, 고구마, 사과, 미네랄, 비타민 등",
        "성분구성": "조단백 9.0% 이상, 조지방 2.0% 이상, 조섬유 1.0% 이하, 조회분 2.5% 이하, 칼슘 0.15% 이상, 인 0.1% 이상, 수분 82.0% 이하",
        "현재 재고 수량": "22개",
        "소비자 상담 전화": "마마캣 고객센터 (1544-6141)"
    },
    {
        "id": 819,
        "name": "카루 캣 스튜 클래식 치킨 170g",
        "image": "https://mamacat.co.kr/web/product/big/20200120/e3fbb87a6f54818914c7c7571a741064.jpg",
        "가격정책": "마마캣 회원등급 할인 상품",
        "유통기한": "2023.02.",
        "정상 소비자가": "6,000원",
        "마마캣 판매가": "6,000원",
        "가장 높은 회원등급 할인 적용시 구매가": "5,700원 (최대 300원 할인)",
        "원산지": "미국",
        "제조자 | 수입자": "Caru Pet Food Company LLP",
        "사용 연령": "전연령",
        "100g 가격": "3,529원",
        "포장단위별 용량, 수량": "170g",
        "법에 의한 인증 및 허가": "사료관리법에 따른 수입신고를 필함",
        "원료구성": "닭고기, 닭고기 육수, 타피오카 전분, 난백, 고구마, 당근, 사과, 미네랄, 비타민 등",
        "성분구성": "조단백 9.0% 이상, 조지방 3.0% 이상, 조섬유 1.0% 이하, 조회분 2.5% 이하, 칼슘 0.15% 이상, 인 0.1% 이상, 수분 82.0% 이하",
        "현재 재고 수량": "3개",
        "소비자 상담 전화": "마마캣 고객센터 (1544-6141)"
    },
    {
        "id": 820,
        "name": "카루 캣 스튜 클래식 치킨&크랩 170g",
        "image": "https://mamacat.co.kr/web/product/big/20200120/ddf5b43718fbfc8d6ec7af74fa92d4bc.jpg",
        "가격정책": "마마캣 회원등급 할인 상품",
        "유통기한": "2023.02.",
        "정상 소비자가": "6,000원",
        "마마캣 판매가": "6,000원",
        "가장 높은 회원등급 할인 적용시 구매가": "5,700원 (최대 300원 할인)",
        "원산지": "미국",
        "제조자 | 수입자": "Caru Pet Food Company LLP",
        "사용 연령": "전연령",
        "100g 가격": "3,529원",
        "포장단위별 용량, 수량": "170g",
        "법에 의한 인증 및 허가": "사료관리법에 따른 수입신고를 필함",
        "원료구성": "닭고기, 닭고기 육수, 게, 타피오카 전분, 난백, 사과, 당근, 고구마, 미네랄, 비타민 등",
        "성분구성": "조단백 9.0% 이상, 조지방 3.0% 이상, 조섬유 1.0% 이하, 조회분 2.5% 이하, 칼슘 0.15% 이상, 인 0.1% 이상, 수분 82.0% 이하",
        "현재 재고 수량": "40개",
        "소비자 상담 전화": "마마캣 고객센터 (1544-6141)"
    },
    {
        "id": 821,
        "name": "카루 캣 스튜 클래식 칠면조 170g",
        "image": "https://mamacat.co.kr/web/product/big/20200120/9646755491088781531d0d4ab617f630.jpg",
        "가격정책": "마마캣 회원등급 할인 상품",
        "유통기한": "2023.02.",
        "정상 소비자가": "6,000원",
        "마마캣 판매가": "6,000원",
        "가장 높은 회원등급 할인 적용시 구매가": "5,700원 (최대 300원 할인)",
        "원산지": "미국",
        "제조자 | 수입자": "Caru Pet Food Company LLP",
        "사용 연령": "전연령",
        "100g 가격": "3,529원",
        "포장단위별 용량, 수량": "170g",
        "법에 의한 인증 및 허가": "사료관리법에 따른 수입신고를 필함",
        "원료구성": "칠면조, 칠면조 육수, 타피오카 전분, 난백, 고구마, 당근, 사과, 미네랄, 비타민 등",
        "성분구성": "조단백 11.0% 이상, 조지방 5.5% 이상, 조섬유 1.0% 이하, 조회분 2.5% 이하, 칼슘 0.15% 이상, 인 0.1% 이상, 수분 82.0% 이하",
        "현재 재고 수량": "42개",
        "소비자 상담 전화": "마마캣 고객센터 (1544-6141)"
    },
    {
        "id": 822,
        "name": "캐츠랑 어덜트 2kg",
        "image": "https://mamacat.co.kr/web/product/big/20191128/79e8093a3d76f5c41c52db4a6592b784.jpg",
        "상품 간략설명": "성묘용 | 프리미엄 (445원/100g당)",
        "가격정책": "최저마진",
        "유통기한": "2022.04.16.",
        "사료등급": "프리미엄",
        "정상 소비자가": "10,000원",
        "마마캣 판매가": "6,680원",
        "원산지": "대한민국",
        "제조자 | 수입자": "대주산업주식회사",
        "사용 연령": "성묘용 (12개월 이상)",
        "100g 가격": "445원",
        "포장단위별 용량, 수량": "2kg",
        "법에 의한 인증 및 허가": "사료관리법에 따른 수입신고를 필함",
        "원료구성": "닭고기분말, 콘그릿츠, 옥수수글루텐, 생선살코기분말, 쌀, 치킨오일, 비트펄프, 아마종실, 닭간분말, 건조맥주효모, 소금, 메치오닌, L-라이신, 타우린, 콜린, 프락토올리고당, 로즈마리 추출물, 유카추출물, 비타민 및 미네랄",
        "성분구성": "조단백 32.0%이상, 조지방 14.0%이상, 조섬유 3.0%이하, 조회분 10.0%이하, 칼슘 0.8%이상, 인 1.5%이하",
        "현재 재고 수량": "2개",
        "소비자 상담 전화": "마마캣 고객센터 (1544-6141)",
        "기타 정보": "제조기한으로 부터 1년 6개월",
        "제품 포장 유형": "통포장 (지퍼 없음)"
    },
    {
        "id": 823,
        "name": "캐츠랑 어덜트 8kg",
        "image": "https://mamacat.co.kr/web/product/big/202010/1f672a8dbc12aa91e3d3cf641bb79171.png",
        "상품 간략설명": "성묘용 | 프리미엄 (289원/100g당)",
        "가격정책": "최저마진",
        "유통기한": "2022.09.04.",
        "사료등급": "프리미엄",
        "정상 소비자가": "27,000원",
        "마마캣 판매가": "23,120원",
        "원산지": "대한민국",
        "제조자 | 수입자": "대주산업주식회사",
        "사용 연령": "성묘용 (12개월 이상)",
        "100g 가격": "289원",
        "포장단위별 용량, 수량": "8kg",
        "법에 의한 인증 및 허가": "사료관리법에 따른 수입신고를 필함",
        "원료구성": "닭고기분말, 콘그릿츠, 옥수수글루텐, 생선살코기분말, 쌀, 치킨오일, 비트펄프, 아마종실, 닭간분말, 건조맥주효모, 소금, 메치오닌, L-라이신, 타우린, 콜린, 프락토올리고당, 로즈마리 추출물, 유카추출물, 비타민 및 미네랄",
        "성분구성": "조단백 32.0%이상, 조지방 14.0%이상, 조섬유 3.0%이하, 조회분 10.0%이하, 칼슘 0.8%이상, 인 1.5%이하",
        "현재 재고 수량": "16개",
        "소비자 상담 전화": "마마캣 고객센터 (1544-6141)",
        "기타 정보": "제조기한으로 부터 1년 6개월",
        "제품 포장 유형": "통포장 (지퍼 없음)"
    },
    {
        "id": 824,
        "name": "캐츠랑 전연령 2kg",
        "image": "https://mamacat.co.kr/web/product/big/20191128/1665fd439a2c0f37b3df74e702e75220.jpg",
        "상품 간략설명": "전연령 | 프리미엄 (359원/100g당)",
        "가격정책": "최저마진",
        "유통기한": "2022.11.24.",
        "사료등급": "프리미엄",
        "정상 소비자가": "10,000원",
        "마마캣 판매가": "7,180원",
        "원산지": "대한민국",
        "제조자 | 수입자": "대주산업주식회사",
        "사용 연령": "전연령 (3개월 이상)",
        "100g 가격": "359원",
        "포장단위별 용량, 수량": "2kg",
        "법에 의한 인증 및 허가": "사료관리법에 따른 수입신고를 필함",
        "원료구성": "닭고기분말, 콘그릿츠, 옥수수글루텐, 생선살코기분말, 쌀, 치킨오일, 비트펄프, 아마종실, 닭간분말, 건조맥주효모, 소금, 메치오닌, L-라이신, 타우린, 콜린, 프락토올리고당, 로즈마리 추출물, 유카추출물, 비타민 및 미네랄",
        "성분구성": "조단백 30.0%이상, 조지방 12.0%이상, 조섬유 3.5%이하, 조회분 12.0%이하, 칼슘 0.8%이상, 인 2.0%이하",
        "현재 재고 수량": "3개",
        "소비자 상담 전화": "마마캣 고객센터 (1544-6141)",
        "기타 정보": "제조기한으로 부터 1년 6개월",
        "제품 포장 유형": "통포장 (지퍼 없음)"
    },
    {
        "id": 825,
        "name": "캐츠랑 전연령 7kg",
        "image": "https://mamacat.co.kr/web/product/big/20191128/b2ca399d71fd00db9cd94f478602086a.jpg",
        "상품 간략설명": "전연령 | 프리미엄 (282원/100g당)",
        "가격정책": "최저마진",
        "유통기한": "2022.07.",
        "사료등급": "프리미엄",
        "정상 소비자가": "27,000원",
        "마마캣 판매가": "19,780원",
        "원산지": "대한민국",
        "제조자 | 수입자": "대주산업주식회사",
        "사용 연령": "전연령 (3개월 이상)",
        "100g 가격": "282원",
        "포장단위별 용량, 수량": "7kg",
        "법에 의한 인증 및 허가": "사료관리법에 따른 수입신고를 필함",
        "원료구성": "닭고기분말, 콘그릿츠, 옥수수글루텐, 생선살코기분말, 쌀, 치킨오일, 비트펄프, 아마종실, 닭간분말, 건조맥주효모, 소금, 메치오닌, L-라이신, 타우린, 콜린, 프락토올리고당, 로즈마리 추출물, 유카추출물, 비타민 및 미네랄",
        "성분구성": "조단백 30.0%이상, 조지방 12.0%이상, 조섬유 3.5%이하, 조회분 12.0%이하, 칼슘 0.8%이상, 인 2.0%이하",
        "현재 재고 수량": "23개",
        "소비자 상담 전화": "마마캣 고객센터 (1544-6141)",
        "기타 정보": "제조기한으로 부터 1년 6개월",
        "제품 포장 유형": "통포장 (지퍼 없음)"
    },
    {
        "id": 826,
        "name": "캐츠랑 키튼 8kg",
        "image": "https://mamacat.co.kr/web/product/big/202010/8becc4200241d1b467e53d8b801beab9.png",
        "상품 간략설명": "자묘용 | 프리미엄 (292원/100g당)",
        "가격정책": "최저마진",
        "유통기한": "2022.07.",
        "사료등급": "프리미엄",
        "정상 소비자가": "26,000원",
        "마마캣 판매가": "23,420원",
        "원산지": "대한민국",
        "제조자 | 수입자": "대주산업주식회사",
        "사용 연령": "자묘용 (12개월 이하)",
        "100g 가격": "292원",
        "포장단위별 용량, 수량": "8kg",
        "법에 의한 인증 및 허가": "사료관리법에 따른 수입신고를 필함",
        "원료구성": "닭고기분말, 콘그릿츠, 옥수수글루텐, 생선살코기분말, 쌀, 치킨오일, 비트펄프, 아마종실, 닭간분말, 건조맥주효모, 소금, 메치오닌, L-라이신, 타우린, 콜린, 프락토올리고당, 로즈마리 추출물, 유카추출물, 비타민 및 미네랄",
        "성분구성": "조단백 34.0%이상, 조지방 18.0%이상, 조섬유 3.0%이하, 조회분 10.0%이하, 칼슘 0.8%이상, 인 1.5%이하",
        "현재 재고 수량": "40개",
        "소비자 상담 전화": "마마캣 고객센터 (1544-6141)",
        "기타 정보": "제조기한으로 부터 1년 6개월",
        "제품 포장 유형": "통포장 (지퍼 없음)"
    },
    {
        "id": 827,
        "name": "캣밥 고양이 습식사료 3종 맛보기 120g × 3개",
        "image": "https://mamacat.co.kr/web/product/big/20200120/4717e4689af03dc1aaa419d3a823ed44.jpg",
        "가격정책": "마마캣 회원등급 할인 상품",
        "유통기한": "각 제품의 상세페이지 참고",
        "정상 소비자가": "7,500원",
        "마마캣 판매가": "4,290원",
        "가장 높은 회원등급 할인 적용시 구매가": "4,080원 (최대 210원 할인)",
        "원산지": "한국",
        "제조자 | 수입자": "오네스토펫푸드",
        "사용 연령": "전연령",
        "100g 가격": "1,444원",
        "포장단위별 용량, 수량": "120g × 3개",
        "법에 의한 인증 및 허가": "사료관리법에 따른 수입신고를 필함",
        "원료구성": "상세페이지참조",
        "성분구성": "상세페이지참조",
        "현재 재고 수량": "8개",
        "소비자 상담 전화": "마마캣 고객센터 (1544-6141)"
    },
    {
        "id": 828,
        "name": "캣밥 고양이 습식사료 그레인프리 닭고기 120g × 10개",
        "image": "https://mamacat.co.kr/web/product/big/20200120/926ecb59d58de88c098599806230a9ea.jpg",
        "가격정책": "마마캣 회원등급 할인 상품",
        "유통기한": "2022.01.24.",
        "정상 소비자가": "25,000원",
        "마마캣 판매가": "13,400원",
        "가장 높은 회원등급 할인 적용시 구매가": "12,730원 (최대 670원 할인)",
        "원산지": "한국",
        "제조자 | 수입자": "오네스토펫푸드",
        "사용 연령": "전연령",
        "100g 가격": "1,292원",
        "포장단위별 용량, 수량": "120g × 10개",
        "법에 의한 인증 및 허가": "사료관리법에 따른 수입신고를 필함",
        "원료구성": "국내산닭고기,닭육수,단호박,당근,바나나,사과,브로콜리,계란,양배추,감자,미역,타우린,난각가루,비타민AD3E,오메가3,6",
        "성분구성": "조단백11.9%조지장9.8%조섬유0.2%,조화분1.5%,칼슘0.2%인0.1%수분76.2%",
        "현재 재고 수량": "9개",
        "소비자 상담 전화": "마마캣 고객센터 (1544-6141)"
    },
    {
        "id": 829,
        "name": "캣밥 고양이 습식사료 그레인프리 닭고기 120g",
        "image": "https://mamacat.co.kr/web/product/big/20200120/070db837c39c69342032caa9dd26d5e8.jpg",
        "가격정책": "마마캣 회원등급 할인 상품",
        "유통기한": "2022.01.24.",
        "정상 소비자가": "2,500원",
        "마마캣 판매가": "1,480원",
        "가장 높은 회원등급 할인 적용시 구매가": "1,410원 (최대 70원 할인)",
        "원산지": "한국",
        "제조자 | 수입자": "오네스토펫푸드",
        "사용 연령": "전연령",
        "100g 가격": "1,667원",
        "포장단위별 용량, 수량": "120g",
        "법에 의한 인증 및 허가": "사료관리법에 따른 수입신고를 필함",
        "원료구성": "국내산닭고기,닭육수,단호박,당근,바나나,사과,브로콜리,계란,양배추,감자,미역,타우린,난각가루,비타민AD3E,오메가3,6",
        "성분구성": "조단백11.9%조지장9.8%조섬유0.2%,조화분1.5%,칼슘0.2%인0.1%수분76.2%",
        "현재 재고 수량": "8개",
        "소비자 상담 전화": "마마캣 고객센터 (1544-6141)"
    },
    {
        "id": 830,
        "name": "캣밥 고양이 습식사료 그레인프리 닭고기/참치 120g × 10개",
        "image": "https://mamacat.co.kr/web/product/big/20200120/948b2d7725e43cd0aab319e026152f5f.jpg",
        "가격정책": "마마캣 회원등급 할인 상품",
        "유통기한": "2022.03.13.",
        "정상 소비자가": "25,000원",
        "마마캣 판매가": "13,400원",
        "가장 높은 회원등급 할인 적용시 구매가": "12,730원 (최대 670원 할인)",
        "원산지": "한국",
        "제조자 | 수입자": "오네스토펫푸드",
        "사용 연령": "전연령",
        "100g 가격": "1,292원",
        "포장단위별 용량, 수량": "120g × 10개",
        "법에 의한 인증 및 허가": "사료관리법에 따른 수입신고를 필함",
        "원료구성": "닭고기국내산,수입산참치,닭육수,단호박,당근,바나나,사과,브로콜리,계란,양배추,감자,미역,난각가루,타우린,비타민AD3E,오메가3,6",
        "성분구성": "조단백 12.5% 이상, 조지방 9.1% 이상,조섬유0.2%, 조회분2.1% 이하, 수분 75.1% 이하",
        "현재 재고 수량": "7개",
        "소비자 상담 전화": "마마캣 고객센터 (1544-6141)"
    },
    {
        "id": 831,
        "name": "캣밥 고양이 습식사료 그레인프리 닭고기/참치 120g",
        "image": "https://mamacat.co.kr/web/product/big/20200120/b8f906639f33022340d351dd0caff36d.jpg",
        "가격정책": "마마캣 회원등급 할인 상품",
        "유통기한": "2022.03.13.",
        "정상 소비자가": "2,500원",
        "마마캣 판매가": "1,480원",
        "가장 높은 회원등급 할인 적용시 구매가": "1,410원 (최대 70원 할인)",
        "원산지": "한국",
        "제조자 | 수입자": "오네스토펫푸드",
        "사용 연령": "전연령",
        "100g 가격": "1,667원",
        "포장단위별 용량, 수량": "120g",
        "법에 의한 인증 및 허가": "사료관리법에 따른 수입신고를 필함",
        "원료구성": "닭고기국내산,수입산참치,닭육수,단호박,당근,바나나,사과,브로콜리,계란,양배추,감자,미역,난각가루,타우린,비타민AD3E,오메가3,6",
        "성분구성": "조단백 12.5% 이상, 조지방 9.1% 이상,조섬유0.2%, 조회분2.1% 이하, 수분 75.1% 이하",
        "현재 재고 수량": "13개",
        "소비자 상담 전화": "마마캣 고객센터 (1544-6141)"
    },
    {
        "id": 832,
        "name": "캣밥 고양이 습식사료 그레인프리 황태/오리/연어 120g × 10개",
        "image": "https://mamacat.co.kr/web/product/big/20200120/17d845c8ab7e044f1d90e520bc8f28b6.jpg",
        "가격정책": "마마캣 회원등급 할인 상품",
        "유통기한": "2022.01.24.",
        "정상 소비자가": "25,000원",
        "마마캣 판매가": "13,400원",
        "가장 높은 회원등급 할인 적용시 구매가": "12,730원 (최대 670원 할인)",
        "원산지": "한국",
        "제조자 | 수입자": "오네스토펫푸드",
        "사용 연령": "전연령",
        "100g 가격": "1,292원",
        "포장단위별 용량, 수량": "120g × 10개",
        "법에 의한 인증 및 허가": "사료관리법에 따른 수입신고를 필함",
        "원료구성": "국내산오리,수입산연어,닭육수,황태,단호박,당근,브로콜리,사과,감자,양배추,바나나,계란,미역,타우린,난각가루,비타민AD3E,오메가3,6",
        "성분구성": "조단백질11.5%조지방9.1%조섬유0.7%조회분2.3%칼슘0.3%인0.2%수분74.9%",
        "현재 재고 수량": "9개",
        "소비자 상담 전화": "마마캣 고객센터 (1544-6141)"
    },
    {
        "id": 833,
        "name": "캣밥 고양이 습식사료 그레인프리 황태/오리/연어 120g",
        "image": "https://mamacat.co.kr/web/product/big/20200120/1d5270fc392957ce7612c6d8cf0cd9a8.jpg",
        "가격정책": "마마캣 회원등급 할인 상품",
        "유통기한": "2022.01.24.",
        "정상 소비자가": "2,500원",
        "마마캣 판매가": "1,480원",
        "가장 높은 회원등급 할인 적용시 구매가": "1,410원 (최대 70원 할인)",
        "원산지": "한국",
        "제조자 | 수입자": "오네스토펫푸드",
        "사용 연령": "전연령",
        "100g 가격": "1,667원",
        "포장단위별 용량, 수량": "120g",
        "법에 의한 인증 및 허가": "사료관리법에 따른 수입신고를 필함",
        "원료구성": "국내산오리,수입산연어,닭육수,황태,단호박,당근,브로콜리,사과,감자,양배추,바나나,계란,미역,타우린,난각가루,비타민AD3E,오메가3,6",
        "성분구성": "조단백질11.5%조지방9.1%조섬유0.7%조회분2.3%칼슘0.3%인0.2%수분74.9%",
        "현재 재고 수량": "4개",
        "소비자 상담 전화": "마마캣 고객센터 (1544-6141)"
    },
    {
        "id": 834,
        "name": "캣츠파인푸드 no.103 퓨레 주식캔 닭고기 200g",
        "image": "https://mamacat.co.kr/web/product/big/20200121/b8e7e9e5051aeded00a16095e2809cc9.jpg",
        "가격정책": "마마캣 회원등급 할인 상품",
        "유통기한": "2022.07.18.",
        "정상 소비자가": "8,000원",
        "마마캣 판매가": "5,040원",
        "가장 높은 회원등급 할인 적용시 구매가": "4,790원 (최대 250원 할인)",
        "원산지": "독일",
        "제조자 | 수입자": "캣츠파인푸드 | 베이비프리즘",
        "사용 연령": "전연령",
        "100g 가격": "2,800원",
        "포장단위별 용량, 수량": "200g",
        "법에 의한 인증 및 허가": "사료관리법에 따른 수입신고를 필함",
        "원료구성": "닭고기 70%(심장, 육, 간, 위, 목으로 이루어짐), 육수 28.8%, 미네랄 1%, 마카다미아 넛 오일 0.2%, 증점제 각 0.1%미만 함유(구아검, 로커스트콩검, 카라기난 외 2종), 그외 영양첨가물이 있습니다. (상세페이지 참고)",
        "성분구성": "조단백질 8.2% 이상, 조지방 3.6%이상, 조섬유 2.0% 이하, 조회분 3.4%이하,수분 88% 이하, 인 0.2%, 칼슘 0.15%",
        "색상": "자주색",
        "현재 재고 수량": "26개",
        "소비자 상담 전화": "마마캣 고객센터 (1544-6141)"
    },
    {
        "id": 835,
        "name": "캣츠파인푸드 no.103 퓨레 파우치 닭고기 85g",
        "image": "https://mamacat.co.kr/web/product/big/20200121/9b06785769635e8f3d1f4300f4a82cbd.jpg",
        "가격정책": "마마캣 회원등급 할인 상품",
        "유통기한": "2023.01.02.",
        "정상 소비자가": "6,000원",
        "마마캣 판매가": "3,690원",
        "가장 높은 회원등급 할인 적용시 구매가": "3,510원 (최대 180원 할인)",
        "원산지": "독일",
        "제조자 | 수입자": "캣츠파인푸드 | 베이비프리즘",
        "사용 연령": "전연령",
        "100g 가격": "4,824원",
        "포장단위별 용량, 수량": "85g",
        "법에 의한 인증 및 허가": "사료관리법에 따른 수입신고를 필함",
        "원료구성": "닭고기 70%(심장, 육, 간, 위, 목으로 이루어짐), 육수 28.8%, 미네랄 1%, 마카다미아 넛 오일 0.2%, 증점제 각 0.1%미만 함유(구아검, 로커스트콩검, 카라기난 외 2종), 그외 영양첨가물이 있습니다. (상세페이지 참고)",
        "성분구성": "조단백질 8.2% 이상, 조지방 3.6%이상, 조섬유 2.0% 이하, 조회분 3.4%이하,수분 88% 이하, 인 0.2%, 칼슘 0.15%",
        "색상": "자주색",
        "현재 재고 수량": "28개",
        "소비자 상담 전화": "마마캣 고객센터 (1544-6141)"
    },
    {
        "id": 836,
        "name": "캣츠파인푸드 no.107 퓨레 주식캔 캥거루 200g",
        "image": "https://mamacat.co.kr/web/product/big/20200121/392cbdff31a3662fb4c2eba33a306acf.jpg",
        "가격정책": "마마캣 회원등급 할인 상품",
        "유통기한": "2022.09.23.",
        "정상 소비자가": "8,000원",
        "마마캣 판매가": "5,040원",
        "가장 높은 회원등급 할인 적용시 구매가": "4,790원 (최대 250원 할인)",
        "원산지": "독일",
        "제조자 | 수입자": "캣츠파인푸드 | 베이비프리즘",
        "사용 연령": "전연령",
        "100g 가격": "2,800원",
        "포장단위별 용량, 수량": "200g",
        "법에 의한 인증 및 허가": "사료관리법에 따른 수입신고를 필함",
        "원료구성": "캥거루 70%(심장, 육, 간으로 구성), 육수 28.8%, 미네랄 1%, 보리 지 오일 0.2%, 증점제 각 0.1%미만 함유(구아검, 로커스트콩검, 카라기난 외 2종), 그외 영양첨가물이 있습니다. (상세페이지 참고)",
        "성분구성": "조단백질 8.2%이상, 조지방 4.1%이상, 조섬유 2.0%이하, 조회분 2.9%이하, 수분 90%이하, 인 0.15%, 칼슘 0.2%",
        "색상": "노란색",
        "현재 재고 수량": "15개",
        "소비자 상담 전화": "마마캣 고객센터 (1544-6141)"
    },
    {
        "id": 837,
        "name": "캣츠파인푸드 no.107 퓨레 주식캔 캥거루 400g",
        "image": "https://mamacat.co.kr/web/product/big/20200121/17f81dffdd79018e920a59f3832a476e.jpg",
        "가격정책": "마마캣 회원등급 할인 상품",
        "유통기한": "2023.03.06.",
        "정상 소비자가": "12,000원",
        "마마캣 판매가": "9,000원",
        "가장 높은 회원등급 할인 적용시 구매가": "8,550원 (최대 450원 할인)",
        "원산지": "독일",
        "제조자 | 수입자": "캣츠파인푸드 | 베이비프리즘",
        "사용 연령": "전연령",
        "100g 가격": "2,475원",
        "포장단위별 용량, 수량": "400g",
        "법에 의한 인증 및 허가": "사료관리법에 따른 수입신고를 필함",
        "원료구성": "캥거루 70%(심장, 육, 간으로 구성), 육수 28.8%, 미네랄 1%, 보리 지 오일 0.2%, 증점제 각 0.1%미만 함유(구아검, 로커스트콩검, 카라기난 외 2종), 그외 영양첨가물이 있습니다. (상세페이지 참고)",
        "성분구성": "조단백질 8.2%이상, 조지방 4.1%이상, 조섬유 2.0%이하, 조회분 2.9%이하, 수분 90%이하, 인 0.15%, 칼슘 0.2%",
        "색상": "노란색",
        "현재 재고 수량": "7개",
        "소비자 상담 전화": "마마캣 고객센터 (1544-6141)"
    },
    {
        "id": 838,
        "name": "캣츠파인푸드 no.107 퓨레 파우치 캥거루 85g",
        "image": "https://mamacat.co.kr/web/product/big/20200121/3d9d815e9bb173459a58202ad8442181.jpg",
        "가격정책": "마마캣 회원등급 할인 상품",
        "유통기한": "2023.01.02.",
        "정상 소비자가": "6,000원",
        "마마캣 판매가": "3,690원",
        "가장 높은 회원등급 할인 적용시 구매가": "3,510원 (최대 180원 할인)",
        "원산지": "독일",
        "제조자 | 수입자": "캣츠파인푸드 | 베이비프리즘",
        "사용 연령": "전연령",
        "100g 가격": "4,824원",
        "포장단위별 용량, 수량": "85g",
        "법에 의한 인증 및 허가": "사료관리법에 따른 수입신고를 필함",
        "원료구성": "캥거루 70%(심장, 육, 간으로 구성), 육수 28.8%, 미네랄 1%, 보리 지 오일 0.2%, 증점제 각 0.1%미만 함유(구아검, 로커스트콩검, 카라기난 외 2종), 그외 영양첨가물이 있습니다. (상세페이지 참고)",
        "성분구성": "조단백질 8.2%이상, 조지방 4.1%이상, 조섬유 2.0%이하, 조회분 2.9%이하, 수분 90%이하, 인 0.15%, 칼슘 0.2%",
        "색상": "노란색",
        "현재 재고 수량": "45개",
        "소비자 상담 전화": "마마캣 고객센터 (1544-6141)"
    },
    {
        "id": 839,
        "name": "캣츠파인푸드 no.109 퓨레 주식캔 돼지고기 200g",
        "image": "https://mamacat.co.kr/web/product/big/20200627/422104c0480fd8e287434a58f0b5fe0d.jpg",
        "가격정책": "마마캣 회원등급 할인 상품",
        "유통기한": "2022.07.18.",
        "정상 소비자가": "8,000원",
        "마마캣 판매가": "5,040원",
        "가장 높은 회원등급 할인 적용시 구매가": "4,790원 (최대 250원 할인)",
        "원산지": "독일",
        "제조자 | 수입자": "캣츠파인푸드 | 베이비프리즘",
        "사용 연령": "전연령",
        "100g 가격": "2,800원",
        "포장단위별 용량, 수량": "200g",
        "법에 의한 인증 및 허가": "사료관리법에 따른 수입신고를 필함",
        "원료구성": "돼지고기70% (심장, 육, 간으로 구성), 육수 28.8%, 미네랄 1%, 포도씨오일 0.2%, 증점제 각 0.1%미만 함유(구아검, 로커스트콩검, 카라기난 외 2종), 그외 영양첨가물이 있습니다. (상세페이지 참고)",
        "성분구성": "조단백질 8.3%이상, 조지방 3.9%이상, 조섬유 2.05%이하, 조회분 3.0%이하, 수분 88%이하, 인 0.15%, 칼슘 0.2%",
        "현재 재고 수량": "11개",
        "소비자 상담 전화": "마마캣 고객센터 (1544-6141)"
    },
    {
        "id": 840,
        "name": "캣츠파인푸드 no.109 퓨레 파우치 돼지고기 85g",
        "image": "https://mamacat.co.kr/web/product/big/20200627/e245ac5d4efa9a96f622a2b8c7eeca95.jpg",
        "가격정책": "마마캣 회원등급 할인 상품",
        "유통기한": "2022.12.27.",
        "정상 소비자가": "6,000원",
        "마마캣 판매가": "3,690원",
        "가장 높은 회원등급 할인 적용시 구매가": "3,510원 (최대 180원 할인)",
        "원산지": "독일",
        "제조자 | 수입자": "캣츠파인푸드 | 베이비프리즘",
        "사용 연령": "전연령",
        "100g 가격": "4,824원",
        "포장단위별 용량, 수량": "85g",
        "법에 의한 인증 및 허가": "사료관리법에 따른 수입신고를 필함",
        "원료구성": "돼지고기70% (심장, 육, 간으로 구성), 육수 28.8%, 미네랄 1%, 포도씨오일 0.2%, 증점제 각 0.1%미만 함유(구아검, 로커스트콩검, 카라기난 외 2종), 그외 영양첨가물이 있습니다. (상세페이지 참고)",
        "성분구성": "조단백질 8.3%이상, 조지방 3.9%이상, 조섬유 2.05%이하, 조회분 3.0%이하, 수분 88%이하, 인 0.15%, 칼슘 0.2%",
        "현재 재고 수량": "36개",
        "소비자 상담 전화": "마마캣 고객센터 (1544-6141)"
    },
    {
        "id": 841,
        "name": "캣츠파인푸드 no.13 퓨레 주식캔 청어와 쉬림프 200g",
        "image": "https://mamacat.co.kr/web/product/big/20200121/6b5ddf3ac6dbaef033e343d30ae3568b.jpg",
        "가격정책": "마마캣 회원등급 할인 상품",
        "유통기한": "2022.12.20.",
        "정상 소비자가": "6,000원",
        "마마캣 판매가": "4,050원",
        "가장 높은 회원등급 할인 적용시 구매가": "3,850원 (최대 200원 할인)",
        "원산지": "독일",
        "제조자 | 수입자": "캣츠파인푸드 | 베이비프리즘",
        "사용 연령": "전연령",
        "100g 가격": "2,250원",
        "포장단위별 용량, 수량": "200g",
        "법에 의한 인증 및 허가": "사료관리법에 따른 수입신고를 필함",
        "원료구성": "청어 45%, 식수 25.6%, 쉬림프 25%, 호박 2%, 알로에 베라 1%, 미네랄 1%, 해조 0.2%, 연어 0.2%, 증점제 각 0.1%미만 함유(구아검, 로커스트콩검, 카라기난 외 2종), 그외 영양첨가물이 있습니다. (상세페이지 참고)",
        "성분구성": "조단백질 9.2% 이상, 조지방 5.0%이상, 조섬유 2.3% 이하, 조회분 3.5%이하, 수분 87%이하, 인 0.15%, 칼슘 0.2%",
        "색상": "하늘색",
        "현재 재고 수량": "11개",
        "소비자 상담 전화": "마마캣 고객센터 (1544-6141)"
    },
    {
        "id": 842,
        "name": "캣츠파인푸드 no.13 퓨레 파우치 청어와 쉬림프 85g",
        "image": "https://mamacat.co.kr/web/product/big/20200121/858401e94f931492079f573d700dd3dd.jpg",
        "가격정책": "마마캣 회원등급 할인 상품",
        "유통기한": "2022.12.27.",
        "정상 소비자가": "5,000원",
        "마마캣 판매가": "3,240원",
        "가장 높은 회원등급 할인 적용시 구매가": "3,080원 (최대 160원 할인)",
        "원산지": "독일",
        "제조자 | 수입자": "캣츠파인푸드 | 베이비프리즘",
        "사용 연령": "전연령",
        "100g 가격": "4,235원",
        "포장단위별 용량, 수량": "85g",
        "법에 의한 인증 및 허가": "사료관리법에 따른 수입신고를 필함",
        "원료구성": "청어 45%, 식수 25.6%, 쉬림프 25%, 호박 2%, 알로에 베라 1%, 미네랄 1%, 해조 0.2%, 연어 0.2%, 증점제 각 0.1%미만 함유(구아검, 로커스트콩검, 카라기난 외 2종), 그외 영양첨가물이 있습니다. (상세페이지 참고)",
        "성분구성": "조단백질 9.2% 이상, 조지방 5.0%이상, 조섬유 2.3% 이하, 조회분 3.5%이하, 수분 87%이하, 인 0.15%, 칼슘 0.2%",
        "색상": "하늘색",
        "현재 재고 수량": "27개",
        "소비자 상담 전화": "마마캣 고객센터 (1544-6141)"
    },
    {
        "id": 843,
        "name": "캣츠파인푸드 no.15 퓨레 주식캔 닭고기와 꿩고기 200g",
        "image": "https://mamacat.co.kr/web/product/big/20200121/7d83af3f464f8cc9890ceca5d486b2dd.jpg",
        "가격정책": "마마캣 회원등급 할인 상품",
        "유통기한": "2022.09.05.",
        "정상 소비자가": "6,000원",
        "마마캣 판매가": "4,050원",
        "가장 높은 회원등급 할인 적용시 구매가": "3,850원 (최대 200원 할인)",
        "원산지": "독일",
        "제조자 | 수입자": "캣츠파인푸드 | 베이비프리즘",
        "사용 연령": "전연령",
        "100g 가격": "2,250원",
        "포장단위별 용량, 수량": "200g",
        "법에 의한 인증 및 허가": "사료관리법에 따른 수입신고를 필함",
        "원료구성": "치킨 *50% (근육 고기, 심장, 폐 및 간으로 구성), 식수 23.3%, 꿩 20% (심장, 근육 고기 및 같으로 구성), 쌀 3%, 냉이 2%, 미네랄 1%, 민들레 0.5%, 달맞이꽃 오일 0.2%, *닭고기 몫, 꿩의 몫 외 영양 첨가물이 있습니다. (상세페이지 참고)",
        "성분구성": "조단백질 8.6%이상, 조지방 4.0%이상, 조섬유 2.2%이하, 조회분 3.1%이하, 수분 88%이하, 인 0.15%, 칼슘 0.2%",
        "색상": "초록색",
        "현재 재고 수량": "12개",
        "소비자 상담 전화": "마마캣 고객센터 (1544-6141)"
    },
    {
        "id": 844,
        "name": "캣츠파인푸드 no.15 퓨레 주식캔 닭고기와 꿩고기 400g",
        "image": "https://mamacat.co.kr/web/product/big/20200121/ab4b72a829f68e5ba19597fb00ee2733.jpg",
        "가격정책": "마마캣 회원등급 할인 상품",
        "유통기한": "2023.04.29.",
        "정상 소비자가": "10,000원",
        "마마캣 판매가": "7,200원",
        "가장 높은 회원등급 할인 적용시 구매가": "6,840원 (최대 360원 할인)",
        "원산지": "독일",
        "제조자 | 수입자": "캣츠파인푸드 | 베이비프리즘",
        "사용 연령": "전연령",
        "100g 가격": "2,000원",
        "포장단위별 용량, 수량": "400g",
        "법에 의한 인증 및 허가": "사료관리법에 따른 수입신고를 필함",
        "원료구성": "치킨 *50% (근육 고기, 심장, 폐 및 간으로 구성), 식수 23.3%, 꿩 20% (심장, 근육 고기 및 같으로 구성), 쌀 3%, 냉이 2%, 미네랄 1%, 민들레 0.5%, 달맞이꽃 오일 0.2%, *닭고기 몫, 꿩의 몫 외 영양 첨가물이 있습니다. (상세페이지 참고)",
        "성분구성": "조단백질 8.6%이상, 조지방 4.0%이상, 조섬유 2.2%이하, 조회분 3.1%이하, 수분 88%이하, 인 0.15%, 칼슘 0.2%",
        "색상": "초록색",
        "현재 재고 수량": "2개",
        "소비자 상담 전화": "마마캣 고객센터 (1544-6141)"
    },
    {
        "id": 845,
        "name": "캣츠파인푸드 no.15 퓨레 파우치 닭고기와 꿩고기 85g",
        "image": "https://mamacat.co.kr/web/product/big/20200121/ed729a5997ceb71377b2d7bb2ce314b1.jpg",
        "가격정책": "마마캣 회원등급 할인 상품",
        "유통기한": "2023.01.04.",
        "정상 소비자가": "5,000원",
        "마마캣 판매가": "3,240원",
        "가장 높은 회원등급 할인 적용시 구매가": "3,080원 (최대 160원 할인)",
        "원산지": "독일",
        "제조자 | 수입자": "캣츠파인푸드 | 베이비프리즘",
        "사용 연령": "전연령",
        "100g 가격": "4,235원",
        "포장단위별 용량, 수량": "85g",
        "법에 의한 인증 및 허가": "사료관리법에 따른 수입신고를 필함",
        "원료구성": "치킨 *50% (근육 고기, 심장, 폐 및 간으로 구성), 식수 23.3%, 꿩 20% (심장, 근육 고기 및 같으로 구성), 쌀 3%, 냉이 2%, 미네랄 1%, 민들레 0.5%, 달맞이꽃 오일 0.2%, *닭고기 몫, 꿩의 몫 외 영양 첨가물이 있습니다. (상세페이지 참고)",
        "성분구성": "조단백질 8.6%이상, 조지방 4.0%이상, 조섬유 2.2%이하, 조회분 3.1%이하, 수분 88%이하, 인 0.15%, 칼슘 0.2%",
        "색상": "초록색",
        "현재 재고 수량": "33개",
        "소비자 상담 전화": "마마캣 고객센터 (1544-6141)"
    },
    {
        "id": 846,
        "name": "캣츠파인푸드 no.17 퓨레 주식캔 가금류와 새우 200g",
        "image": "https://mamacat.co.kr/web/product/big/20200121/7a28b7d61fcb50e4b9e408d11310305b.jpg",
        "가격정책": "마마캣 회원등급 할인 상품",
        "유통기한": "2022.12.05.",
        "정상 소비자가": "6,000원",
        "마마캣 판매가": "4,050원",
        "가장 높은 회원등급 할인 적용시 구매가": "3,850원 (최대 200원 할인)",
        "원산지": "독일",
        "제조자 | 수입자": "캣츠파인푸드 | 베이비프리즘",
        "사용 연령": "전연령",
        "100g 가격": "2,250원",
        "포장단위별 용량, 수량": "200g",
        "법에 의한 인증 및 허가": "사료관리법에 따른 수입신고를 필함",
        "원료구성": "가금류 *50%, 물 23.6%, 새우 20%, 당근 3%, 크렌베리 2%, 무기질 1%, 해초 0.2%, 마카다미아 너트 오일 0.2% (근육 고기, 심장, 폐 및 간으로 구성), 증점제 각 0.1%미만 함유(구아검, 로커스트콩검, 카라기난 외 2종), 그외 영양첨가물이 있습니다. (상세페이지 참고)",
        "성분구성": "조단백질 8.4%이상, 조지방 3.9%이상, 조섬유 2.1%이하, 조회분 3.0%이하, 수분 88%이하, 인 0.15%, 칼슘 0.2%",
        "색상": "파란색",
        "현재 재고 수량": "4개",
        "소비자 상담 전화": "마마캣 고객센터 (1544-6141)"
    },
    {
        "id": 847,
        "name": "캣츠파인푸드 no.17 퓨레 주식캔 가금류와 새우 400g",
        "image": "https://mamacat.co.kr/web/product/big/20200121/2a667da4c239c077a7f7e434dab5579a.jpg",
        "가격정책": "마마캣 회원등급 할인 상품",
        "유통기한": "2023.04.29.",
        "정상 소비자가": "10,000원",
        "마마캣 판매가": "7,200원",
        "가장 높은 회원등급 할인 적용시 구매가": "6,840원 (최대 360원 할인)",
        "원산지": "독일",
        "제조자 | 수입자": "캣츠파인푸드 | 베이비프리즘",
        "사용 연령": "전연령",
        "100g 가격": "2,000원",
        "포장단위별 용량, 수량": "400g",
        "법에 의한 인증 및 허가": "사료관리법에 따른 수입신고를 필함",
        "원료구성": "가금류 *50%, 물 23.6%, 새우 20%, 당근 3%, 크렌베리 2%, 무기질 1%, 해초 0.2%, 마카다미아 너트 오일 0.2% (근육 고기, 심장, 폐 및 간으로 구성), 증점제 각 0.1%미만 함유(구아검, 로커스트콩검, 카라기난 외 2종), 그외 영양첨가물이 있습니다. (상세페이지 참고)",
        "성분구성": "조단백질 8.4%이상, 조지방 3.9%이상, 조섬유 2.1%이하, 조회분 3.0%이하, 수분 88%이하, 인 0.15%, 칼슘 0.2%",
        "색상": "파란색",
        "현재 재고 수량": "3개",
        "소비자 상담 전화": "마마캣 고객센터 (1544-6141)"
    },
    {
        "id": 848,
        "name": "캣츠파인푸드 no.17 퓨레 파우치 가금류와 새우 85g",
        "image": "https://mamacat.co.kr/web/product/big/20200121/536fb93da7662831a2f4d8a5a26e1bdf.jpg",
        "가격정책": "마마캣 회원등급 할인 상품",
        "유통기한": "2022.08.30.",
        "정상 소비자가": "5,000원",
        "마마캣 판매가": "3,240원",
        "가장 높은 회원등급 할인 적용시 구매가": "3,080원 (최대 160원 할인)",
        "원산지": "독일",
        "제조자 | 수입자": "캣츠파인푸드 | 베이비프리즘",
        "사용 연령": "전연령",
        "100g 가격": "4,235원",
        "포장단위별 용량, 수량": "85g",
        "법에 의한 인증 및 허가": "사료관리법에 따른 수입신고를 필함",
        "원료구성": "가금류 *50%, 물 23.6%, 새우 20%, 당근 3%, 크렌베리 2%, 무기질 1%, 해초 0.2%, 마카다미아 너트 오일 0.2% (근육 고기, 심장, 폐 및 간으로 구성), 증점제 각 0.1%미만 함유(구아검, 로커스트콩검, 카라기난 외 2종), 그외 영양첨가물이 있습니다. (상세페이지 참고)",
        "성분구성": "조단백질 8.4%이상, 조지방 3.9%이상, 조섬유 2.1%이하, 조회분 3.0%이하, 수분 88%이하, 인 0.15%, 칼슘 0.2%",
        "색상": "파란색",
        "현재 재고 수량": "38개",
        "소비자 상담 전화": "마마캣 고객센터 (1544-6141)"
    },
    {
        "id": 849,
        "name": "캣츠파인푸드 no.25 퓨레 주식캔 닭고기와 참치 200g",
        "image": "https://mamacat.co.kr/web/product/big/20200121/c4502cb251d394cf851d0894af654d64.jpg",
        "가격정책": "마마캣 회원등급 할인 상품",
        "유통기한": "2022.07.18.",
        "정상 소비자가": "6,000원",
        "마마캣 판매가": "4,050원",
        "가장 높은 회원등급 할인 적용시 구매가": "3,850원 (최대 200원 할인)",
        "원산지": "독일",
        "제조자 | 수입자": "캣츠파인푸드 | 베이비프리즘",
        "사용 연령": "전연령",
        "100g 가격": "2,250원",
        "포장단위별 용량, 수량": "200g",
        "법에 의한 인증 및 허가": "사료관리법에 따른 수입신고를 필함",
        "원료구성": "닭* 50%, 물 23.3%, 참치 20%, 호박 3%, 들장미 2%, 미네랄 1%(아연,망간,요오드), 카모마일 0.5%, 흑종초 기름 0.2%, 증점제 각 0.1%미만 함유(구아검, 로커스트콩검, 카라기난 외 2종), 그외 영양첨가물이 있습니다. (상세페이지 참고) *닭50% : 닭고기, 살코기 약",
        "성분구성": "조단백질 9.2%이상, 조지방 4.1%이상, 조섬유 2.0%이하, 조회분 2.9%이하, 수분 88%이하, 인 0.15%, 칼슘 0.2%",
        "색상": "주황색",
        "현재 재고 수량": "10개",
        "소비자 상담 전화": "마마캣 고객센터 (1544-6141)"
    },
    {
        "id": 850,
        "name": "캣츠파인푸드 no.25 퓨레 주식캔 닭고기와 참치 400g",
        "image": "https://mamacat.co.kr/web/product/big/20200121/9460f1fde95aebe9faf41f3498e78c3e.jpg",
        "가격정책": "마마캣 회원등급 할인 상품",
        "유통기한": "2023.03.03.",
        "정상 소비자가": "10,000원",
        "마마캣 판매가": "7,200원",
        "가장 높은 회원등급 할인 적용시 구매가": "6,840원 (최대 360원 할인)",
        "원산지": "독일",
        "제조자 | 수입자": "캣츠파인푸드 | 베이비프리즘",
        "사용 연령": "전연령",
        "100g 가격": "2,000원",
        "포장단위별 용량, 수량": "400g",
        "법에 의한 인증 및 허가": "사료관리법에 따른 수입신고를 필함",
        "원료구성": "닭* 50%, 물 23.3%, 참치 20%, 호박 3%, 들장미 2%, 미네랄 1%(아연,망간,요오드), 카모마일 0.5%, 흑종초 기름 0.2%, 증점제 각 0.1%미만 함유(구아검, 로커스트콩검, 카라기난 외 2종), 그외 영양첨가물이 있습니다. (상세페이지 참고) *닭50% : 닭고기, 살코기 약",
        "성분구성": "조단백질 9.2%이상, 조지방 4.1%이상, 조섬유 2.0%이하, 조회분 2.9%이하, 수분 88%이하, 인 0.15%, 칼슘 0.2%",
        "색상": "주황색",
        "현재 재고 수량": "2개",
        "소비자 상담 전화": "마마캣 고객센터 (1544-6141)"
    },
    {
        "id": 851,
        "name": "캣츠파인푸드 no.25 퓨레 파우치 닭고기와 참치 85g",
        "image": "https://mamacat.co.kr/web/product/big/20200121/e0a7b40bc583ba60b453c28cb8685b51.jpg",
        "가격정책": "마마캣 회원등급 할인 상품",
        "유통기한": "2022.12.30.",
        "정상 소비자가": "5,000원",
        "마마캣 판매가": "3,240원",
        "가장 높은 회원등급 할인 적용시 구매가": "3,080원 (최대 160원 할인)",
        "원산지": "독일",
        "제조자 | 수입자": "캣츠파인푸드 | 베이비프리즘",
        "사용 연령": "전연령",
        "100g 가격": "4,235원",
        "포장단위별 용량, 수량": "85g",
        "법에 의한 인증 및 허가": "사료관리법에 따른 수입신고를 필함",
        "원료구성": "닭* 50%, 물 23.3%, 참치 20%, 호박 3%, 들장미 2%, 미네랄 1%(아연,망간,요오드), 카모마일 0.5%, 흑종초 기름 0.2%, 증점제 각 0.1%미만 함유(구아검, 로커스트콩검, 카라기난 외 2종), 그외 영양첨가물이 있습니다. (상세페이지 참고) *닭50% : 닭고기, 살코기 약",
        "성분구성": "조단백질 9.2%이상, 조지방 4.1%이상, 조섬유 2.0%이하, 조회분 2.9%이하, 수분 88%이하, 인 0.15%, 칼슘 0.2%",
        "색상": "주황색",
        "현재 재고 수량": "16개",
        "소비자 상담 전화": "마마캣 고객센터 (1544-6141)"
    },
    {
        "id": 852,
        "name": "캣츠파인푸드 no.3 퓨레 주식캔 가금류 400g",
        "image": "https://mamacat.co.kr/web/product/big/20200121/0145bf3da55e410dd23e1ff419ada74b.jpg",
        "가격정책": "마마캣 회원등급 할인 상품",
        "유통기한": "2023.04.29.",
        "정상 소비자가": "10,000원",
        "마마캣 판매가": "7,200원",
        "가장 높은 회원등급 할인 적용시 구매가": "6,840원 (최대 360원 할인)",
        "원산지": "독일",
        "제조자 | 수입자": "캣츠파인푸드 | 베이비프리즘",
        "사용 연령": "전연령",
        "100g 가격": "1,000원",
        "포장단위별 용량, 수량": "400g",
        "법에 의한 인증 및 허가": "사료관리법에 따른 수입신고를 필함",
        "원료구성": "가금류 69%(고기, 심장, 위, 간, 목으로 구성),식수 26.85%, 링고베리 2%, 민들레 1%, 엉겅퀴오일 0.15%, *가금류의 일부 : 살코기 및 약 50%(2/3 고기와 1/3심장), 약 50%(위/간, 목 각각 1/3), 증점제 각 0.1%미만 함유(구아검, 로커스트콩",
        "성분구성": "조단백질 9.0%이상, 조지방 3.9%이상, 조섬유 2.2%이하, 조회분 3.2%이하, 수분 88%이하, 인 0.15%, 칼슘 0.2%",
        "색상": "분홍색",
        "현재 재고 수량": "11개",
        "소비자 상담 전화": "마마캣 고객센터 (1544-6141)"
    },
    {
        "id": 853,
        "name": "캣츠파인푸드 no.3 퓨레 파우치 가금류 85g",
        "image": "https://mamacat.co.kr/web/product/big/20200121/82fe21304d807cc8cd9995be3be1877a.jpg",
        "가격정책": "마마캣 회원등급 할인 상품",
        "유통기한": "2022.11.07.",
        "정상 소비자가": "5,000원",
        "마마캣 판매가": "3,240원",
        "가장 높은 회원등급 할인 적용시 구매가": "3,080원 (최대 160원 할인)",
        "원산지": "독일",
        "제조자 | 수입자": "캣츠파인푸드 | 베이비프리즘",
        "사용 연령": "전연령",
        "100g 가격": "4,235원",
        "포장단위별 용량, 수량": "85g",
        "법에 의한 인증 및 허가": "사료관리법에 따른 수입신고를 필함",
        "원료구성": "가금류 69%(고기, 심장, 위, 간, 목으로 구성),식수 26.85%, 링고베리 2%, 민들레 1%, 엉겅퀴오일 0.15%, *가금류의 일부 : 살코기 및 약 50%(2/3 고기와 1/3심장), 약 50%(위/간, 목 각각 1/3), 증점제 각 0.1%미만 함유(구아검, 로커스트콩",
        "성분구성": "조단백질 9.0%이상, 조지방 3.9%이상, 조섬유 2.2%이하, 조회분 3.2%이하, 수분 88%이하, 인 0.15%, 칼슘 0.2%",
        "색상": "분홍색",
        "현재 재고 수량": "16개",
        "소비자 상담 전화": "마마캣 고객센터 (1544-6141)"
    },
    {
        "id": 854,
        "name": "캣츠파인푸드 no.403 필렛 닭고기 85g",
        "image": "https://mamacat.co.kr/web/product/big/20200121/7c770dc0489a187be184a1563a4d7ea9.jpg",
        "가격정책": "마마캣 회원등급 할인 상품",
        "유통기한": "2022.10.30.",
        "정상 소비자가": "6,000원",
        "마마캣 판매가": "4,050원",
        "가장 높은 회원등급 할인 적용시 구매가": "3,850원 (최대 200원 할인)",
        "원산지": "독일",
        "제조자 | 수입자": "캣츠파인푸드 | 베이비프리즘",
        "사용 연령": "전연령",
        "100g 가격": "5,294원",
        "포장단위별 용량, 수량": "85g",
        "법에 의한 인증 및 허가": "사료관리법에 따른 수입신고를 필함",
        "원료구성": "치킨 필레 50%, 국물 38.6%, 닭 간 5%, 닭 지방 5%, 미네랄 1%, 치아 종자 0.2%, 달맞이꽃 오일 0.2%, 증점제 각 0.1%미만 함유(구아검, 로커스트콩검, 카라기난 외 2종), 그 외 영양첨가물이 있습니다. (상세페이지 참고)",
        "성분구성": "조단백질 8.8%이상, 조지방 3.6%이상, 조섬유 2.1%이하, 조회분 3.0%이하, 수분 88%이하, 인 0.15%, 칼슘 0.2%",
        "색상": "분홍색",
        "현재 재고 수량": "24개",
        "소비자 상담 전화": "마마캣 고객센터 (1544-6141)"
    },
    {
        "id": 855,
        "name": "캣츠파인푸드 no.405 필렛 칠면조,닭고기와 연어 85g",
        "image": "https://mamacat.co.kr/web/product/big/20200121/00150dc966a2df9f8ba6bfe4094351f7.jpg",
        "가격정책": "마마캣 회원등급 할인 상품",
        "유통기한": "2022.10.30.",
        "정상 소비자가": "6,000원",
        "마마캣 판매가": "4,050원",
        "가장 높은 회원등급 할인 적용시 구매가": "3,850원 (최대 200원 할인)",
        "원산지": "독일",
        "제조자 | 수입자": "캣츠파인푸드 | 베이비프리즘",
        "사용 연령": "전연령",
        "100g 가격": "5,294원",
        "포장단위별 용량, 수량": "85g",
        "법에 의한 인증 및 허가": "사료관리법에 따른 수입신고를 필함",
        "원료구성": "칠면조 필레 40%,국물 38.6%, 연어 10%, 칠면조 간 5%, 닭 지방 5%, 미네랄 1%, 치아 종자 0.2%,연어 오일 0.2%, 증점제 각 0.1%미만 함유(구아검, 로커스트콩검, 카라기난 외 2종), 그 외 영양첨가물이 있습니다. (상세페이지 참고)",
        "성분구성": "조단백질 8.6%이상, 조지방 3.6%이상, 조섬유 2.1%이하, 조회분 3.0%이하, 수분 88%이하, 인 0.15%, 칼슘 0.2%",
        "색상": "초록색",
        "현재 재고 수량": "28개",
        "소비자 상담 전화": "마마캣 고객센터 (1544-6141)"
    },
    {
        "id": 856,
        "name": "캣츠파인푸드 no.409 필렛 칠면조,닭고기와 토끼 85g",
        "image": "https://mamacat.co.kr/web/product/big/20200121/bcab3b35079b6c82772c4abf354e822a.jpg",
        "가격정책": "마마캣 회원등급 할인 상품",
        "유통기한": "2022.11.07.",
        "정상 소비자가": "6,000원",
        "마마캣 판매가": "4,050원",
        "가장 높은 회원등급 할인 적용시 구매가": "3,850원 (최대 200원 할인)",
        "원산지": "독일",
        "제조자 | 수입자": "캣츠파인푸드 | 베이비프리즘",
        "사용 연령": "전연령",
        "100g 가격": "5,294원",
        "포장단위별 용량, 수량": "85g",
        "법에 의한 인증 및 허가": "사료관리법에 따른 수입신고를 필함",
        "원료구성": "칠면조 필렛 40%, 국물 38.6%, 토끼 심장 10%, 칠면조 간 5%, 닭 지방 5%, 미네랄 1%, 치아종자 0.2%, 보리 오일 0.2%, 증점제 각 0.1%미만 함유(구아검, 로커스트콩검, 카라기난 외 2종), 그 외 영양첨가물이 있습니다. (상세페이지 참고)",
        "성분구성": "조단백질 8.9%이상, 조지방 3.0%이상, 조섬유 2.1%이하, 조회분 3.1%이하, 수분 88%이하, 인 0.15%, 칼슘 0.2%",
        "색상": "노란색",
        "현재 재고 수량": "32개",
        "소비자 상담 전화": "마마캣 고객센터 (1544-6141)"
    },
    {
        "id": 857,
        "name": "캣츠파인푸드 no.413 필렛 닭고기와 참치 85g",
        "image": "https://mamacat.co.kr/web/product/big/20200121/effa4afd22514d5f3350fef1e842a7cd.jpg",
        "가격정책": "마마캣 회원등급 할인 상품",
        "유통기한": "2022.11.07.",
        "정상 소비자가": "6,000원",
        "마마캣 판매가": "4,050원",
        "가장 높은 회원등급 할인 적용시 구매가": "3,850원 (최대 200원 할인)",
        "원산지": "독일",
        "제조자 | 수입자": "캣츠파인푸드 | 베이비프리즘",
        "사용 연령": "전연령",
        "100g 가격": "5,294원",
        "포장단위별 용량, 수량": "85g",
        "법에 의한 인증 및 허가": "사료관리법에 따른 수입신고를 필함",
        "원료구성": "닭고기 필레 40%, 국물 38.6%, 참치 10%, 닭 간 5%, 닭 지방 5%, 미네랄 1%, 치아종자 0.2%, 해바라기 기름 0.2%, 증점제 각 0.1%미만 함유(구아검, 로커스트콩검, 카라기난 외 2종), 그 외 영양첨가물이 있습니다. (상세페이지 참고)",
        "성분구성": "조단백질 8.9%이상, 조지방 3.0%이상, 조섬유 2.1%이하, 조회분 3.1%이하, 수분 88% 이하, 인 0.15%, 칼슘 0.2%",
        "색상": "파랑색",
        "현재 재고 수량": "24개",
        "소비자 상담 전화": "마마캣 고객센터 (1544-6141)"
    },
    {
        "id": 858,
        "name": "캣츠파인푸드 미츠 no.03 닭고기 45g",
        "image": "https://mamacat.co.kr/web/product/big/20200618/c895f784dc5afc26f35a2cb8af29d91b.jpg",
        "가격정책": "마마캣 회원등급 할인 상품",
        "유통기한": "2022.06.12.",
        "정상 소비자가": "12,000원",
        "마마캣 판매가": "8,100원",
        "가장 높은 회원등급 할인 적용시 구매가": "7,700원 (최대 400원 할인)",
        "원산지": "독일",
        "제조자 | 수입자": "캣츠파인푸드 | 베이비프리즘",
        "사용 연령": "전연령",
        "포장단위별 용량, 수량": "45g",
        "원료구성": "닭고기 99.5%, 바이오틴 0.5%",
        "성분구성": "조단백질 35%이상, 조지방 23%이상, 조섬유 2.25%이하, 조회분 6.0%이하",
        "색상": "분홍색",
        "현재 재고 수량": "1개"
    },
    {
        "id": 859,
        "name": "캣츠파인푸드 미츠 no.07 오리 45g",
        "image": "https://mamacat.co.kr/web/product/big/20200618/51f39622655db812234c1171d1d59f56.jpg",
        "가격정책": "마마캣 회원등급 할인 상품",
        "유통기한": "2022.04.22.",
        "정상 소비자가": "12,000원",
        "마마캣 판매가": "8,100원",
        "가장 높은 회원등급 할인 적용시 구매가": "7,700원 (최대 400원 할인)",
        "원산지": "독일",
        "제조자 | 수입자": "캣츠파인푸드 | 베이비프리즘",
        "사용 연령": "전연령",
        "포장단위별 용량, 수량": "45g",
        "원료구성": "오리고기 99%, 알로에 베라 1.0%",
        "성분구성": "조단백질 35%이상, 조지방 23%이상, 조섬유 2.25%이하, 조회분 6.0% 이하",
        "색상": "노란색",
        "현재 재고 수량": "3개"
    },
    {
        "id": 860,
        "name": "콩고 캣 소고기와 닭고기 1.5kg",
        "image": "https://mamacat.co.kr/web/product/big/202009/a9f87aaf21d83c6594fd65ec7c750cef.jpg",
        "상품 간략설명": "성묘용 | 슈퍼프리미엄 (466원/100g당)",
        "가격정책": "마마캣 회원등급 할인 상품",
        "유통기한": "2022.04.08.",
        "사료등급": "슈퍼프리미엄 (2등급)",
        "정상 소비자가": "9,000원",
        "마마캣 판매가": "7,000원",
        "가장 높은 회원등급 할인 적용시 구매가": "6,650원 (최대 350원 할인)",
        "원산지": "아르헨티나",
        "제조자 | 수입자": "Agro Industrias Baires SA. | ㈜산시아코리아",
        "사용 연령": "성묘용 (12개월 이상)",
        "100g 가격": "466원",
        "포장단위별 용량, 수량": "1.5kg",
        "법에 의한 인증 및 허가": "등록번호 : 제 서울-21812호",
        "원료구성": "닭고기, 소고기, 닭고기 오일, 연어 오일, 쌀, 옥수수글루텐박, 밀, 완두콩, 대두박, 맥주효모, 닭고기 단백수해물, 유카 추출물, 타우린, 메티오닌, 시트르산, 토코페롤, 프로피온산, (비타민A, D3, E, K, B1, B2, B6, B12) 등",
        "성분구성": "조단백질 30%이상, 조지방 9.0%이상, 조섬유 3.0%이하, 조회분 9.0%이하, 칼슘 1.0%이상, 인 0.6%이상, 수분 12%이하",
        "현재 재고 수량": "6개",
        "소비자 상담 전화": "마마캣 고객센터(1588-6141)",
        "제품 포장 유형": "통포장",
        "권장 급여량": "상세페이지 하단 참조",
        "제품 보관방법": "직사광선이 없는 곳에 실온보관",
        "제품 타입": "건식사료"
    },
    {
        "id": 861,
        "name": "콩고 캣 소고기와 닭고기 500g",
        "image": "https://mamacat.co.kr/web/product/big/202009/d9de4a00bde622c9e3531c5e012a4a3b.jpg",
        "상품 간략설명": "성묘용 | 슈퍼프리미엄 (600원/100g당)",
        "가격정책": "마마캣 회원등급 할인 상품",
        "유통기한": "2021.12.22",
        "사료등급": "슈퍼프리미엄 (2등급)",
        "정상 소비자가": "4,000원",
        "마마캣 판매가": "3,000원",
        "가장 높은 회원등급 할인 적용시 구매가": "2,850원 (최대 150원 할인)",
        "원산지": "아르헨티나",
        "제조자 | 수입자": "Agro Industrias Baires SA. | ㈜산시아코리아",
        "사용 연령": "전연령 (생후 3개월 이상)",
        "100g 가격": "600원",
        "포장단위별 용량, 수량": "500g",
        "법에 의한 인증 및 허가": "등록번호 : 제 서울-21812호",
        "원료구성": "닭고기, 소고기, 닭고기 오일, 연어 오일, 쌀, 옥수수글루텐박, 밀, 완두콩, 대두박, 맥주효모, 닭고기 단백수해물, 유카 추출물, 타우린, 메티오닌, 시트르산, 토코페롤, 프로피온산, (비타민A, D3, E, K, B1, B2, B6, B12) 등",
        "성분구성": "조단백질 30%이상, 조지방 9.0%이상, 조섬유 3.0%이하, 조회분 9.0%이하, 칼슘 1.0%이상, 인 0.6%이상, 수분 12%이하",
        "현재 재고 수량": "8개",
        "소비자 상담 전화": "마마캣 고객센터(1588-6141)",
        "제품 포장 유형": "통포장",
        "권장 급여량": "상세페이지 하단 참조",
        "제품 보관방법": "직사광선이 없는 곳에 실온보관",
        "제품 타입": "건식사료"
    },
    {
        "id": 862,
        "name": "콩고 캣 연어와 참치 1.5kg",
        "image": "https://mamacat.co.kr/web/product/big/202009/a0768fe39232c7084719cf6770578488.jpg",
        "상품 간략설명": "성묘용 | 슈퍼프리미엄 (466원/100g당)",
        "가격정책": "마마캣 회원등급 할인 상품",
        "유통기한": "2021.12.22",
        "사료등급": "슈퍼프리미엄 (2등급)",
        "정상 소비자가": "9,000원",
        "마마캣 판매가": "7,000원",
        "가장 높은 회원등급 할인 적용시 구매가": "6,650원 (최대 350원 할인)",
        "원산지": "아르헨티나",
        "제조자 | 수입자": "Agro Industrias Baires SA. | ㈜산시아코리아",
        "사용 연령": "전연령 (생후 3개월 이상)",
        "100g 가격": "466원",
        "포장단위별 용량, 수량": "1.5kg",
        "법에 의한 인증 및 허가": "등록번호 : 제 서울-21813호",
        "원료구성": "참치, 연어고기, 소고기, 닭고기 오일, 연어 오일, 쌀, 옥수수 글루텐, 밀, 완두콩, 대두박, 맥주효모, 닭고기 단백수해물, 유카추출물, 타우린, 메티오닌, 시트르산, 토코페롤, 프로피온산, (비타민 A, D3, K, B1, B2, B6, B12) 등",
        "성분구성": "조단백질 30%이상, 조지방 9.0%이상, 조섬유 3.0%이하, 조회분 9.0%이하, 칼슘 1.0%이상, 인 0.6%이상, 수분 12%이하",
        "현재 재고 수량": "3개",
        "소비자 상담 전화": "마마캣 고객센터(1588-6141)",
        "제품 포장 유형": "통포장",
        "권장 급여량": "상세페이지 하단 참조",
        "제품 보관방법": "직사광선이 없는 곳에 실온보관",
        "제품 타입": "건식사료"
    },
    {
        "id": 863,
        "name": "콩고 캣 연어와 참치 500g",
        "image": "https://mamacat.co.kr/web/product/big/202009/6b8808ec2d2b985e0acd4fced6efb4b2.jpg",
        "상품 간략설명": "성묘용 | 슈퍼프리미엄 (600원/100g당)",
        "가격정책": "마마캣 회원등급 할인 상품",
        "유통기한": "2022.04.08.",
        "사료등급": "슈퍼프리미엄 (2등급)",
        "정상 소비자가": "4,000원",
        "마마캣 판매가": "3,000원",
        "가장 높은 회원등급 할인 적용시 구매가": "2,850원 (최대 150원 할인)",
        "원산지": "아르헨티나",
        "제조자 | 수입자": "Agro Industrias Baires SA. | ㈜산시아코리아",
        "사용 연령": "전연령 (생후 3개월 이상)",
        "100g 가격": "600원",
        "포장단위별 용량, 수량": "500g",
        "법에 의한 인증 및 허가": "등록번호 : 제 서울-21813호",
        "원료구성": "참치, 연어고기, 소고기, 닭고기 오일, 연어 오일, 쌀, 옥수수 글루텐, 밀, 완두콩, 대두박, 맥주효모, 닭고기 단백수해물, 유카추출물, 타우린, 메티오닌, 시트르산, 토코페롤, 프로피온산, (비타민 A, D3, K, B1, B2, B6, B12) 등",
        "성분구성": "조단백질 30%이상, 조지방 9.0%이상, 조섬유 3.0%이하, 조회분 9.0%이하, 칼슘 1.0%이상, 인 0.6%이상, 수분 12%이하",
        "현재 재고 수량": "14개",
        "소비자 상담 전화": "마마캣 고객센터(1588-6141)",
        "제품 포장 유형": "통포장",
        "권장 급여량": "상세페이지 하단 참조",
        "제품 보관방법": "직사광선이 없는 곳에 실온보관",
        "제품 타입": "건식사료"
    },
    {
        "id": 864,
        "name": "쿠쿳 캣 그레인프리 어덜트 연어&흰살생선 1.5kg",
        "image": "https://mamacat.co.kr/web/product/big/20200303/84d1c6fc8a8d2a08ca1389ffb8f05577.jpg",
        "상품 간략설명": "성묘용 | 홀리스틱 (2600원/100g당)",
        "가격정책": "마마캣 회원등급 할인 상품",
        "유통기한": "2022.07.27",
        "박집사 한마디": "좋은 사료임이 틀림없습니다. 박집사는 늘 이런 사료를 유심히 봅니다.",
        "사료등급": "홀리스틱",
        "정상 소비자가": "39,000원",
        "마마캣 판매가": "39,000원",
        "가장 높은 회원등급 할인 적용시 구매가": "37,050원 (최대 1,950원 할인)",
        "원산지": "벨기에",
        "제조자 | 수입자": "KOOKUT P.O | 쿠쿳",
        "사용 연령": "전연령 (3개월 이상)",
        "100g 가격": "2,600원",
        "포장단위별 용량, 수량": "1.5kg",
        "법에 의한 인증 및 허가": "사료관리법에 따른 수입신고를 필함",
        "원료구성": "신선한 연어, 건조 흰살생선, 건조 연어, 완두, 계유, 감자, 감자단백, 아마씨,연어유, 맥주효모, 가수분해동물성단백질, 치커리, 옥수수유, MOS,당근,미네랄,브로콜리,시금치,고구마,크랜베리,블루베리,사과,스피룰리나,글루코사민,콘드로이틴",
        "성분구성": "조단백 34.0% 이상, 조지방 18.0% 이상, 조섬유 5.0% 이하, 조회분 10.0% 이하, 칼슘 1.2% 이상, 인 0.9% 이상, 수분 12% 이하",
        "현재 재고 수량": "2개",
        "소비자 상담 전화": "마마캣 고객센터 (1544-6141)",
        "제품 포장 유형": "통포장"
    },
    {
        "id": 865,
        "name": "쿠쿳 캣 그레인프리 어덜트 치킨&오리 1.5kg",
        "image": "https://mamacat.co.kr/web/product/big/20200303/2934c112bc7d44e215ad4af6c2a9f99f.jpg",
        "상품 간략설명": "성묘용 | 홀리스틱 (2600원/100g당)",
        "가격정책": "마마캣 회원등급 할인 상품",
        "유통기한": "2022.08.02.",
        "박집사 한마디": "좋은 사료임이 틀림없습니다. 박집사는 늘 이런 사료를 유심히 봅니다.",
        "사료등급": "홀리스틱",
        "정상 소비자가": "39,000원",
        "마마캣 판매가": "39,000원",
        "가장 높은 회원등급 할인 적용시 구매가": "37,050원 (최대 1,950원 할인)",
        "원산지": "벨기에",
        "제조자 | 수입자": "제일사료(주) | 쿠쿳",
        "사용 연령": "성묘용 (12개월 이상)",
        "100g 가격": "2,600원",
        "포장단위별 용량, 수량": "1.5kg",
        "법에 의한 인증 및 허가": "사료관리법에 따른 수입신고를 필함",
        "원료구성": "신선한 닭고기, 건조 닭고기, 건조 오리고기, 완두, 가수분해 닭고기단백질, 계유, 감자, 감자단백, 아마씨,연어유, 맥주효모, 비트펄프. 치커리, 식물성섬유소, 계란분말,당근,MOS,미네랄,브로콜리.시금치,고구마,크렌베리,블루베리,사과 등",
        "성분구성": "조단백 34.0% 이상, 조지방 18.0% 이상, 조섬유 5.0% 이하, 조회분 10.0% 이하, 칼슘 0.9% 이상, 인 0.7% 이상, 수분 12% 이하",
        "현재 재고 수량": "6개",
        "소비자 상담 전화": "마마캣 고객센터 (1544-6141)",
        "제품 포장 유형": "통포장"
    },
    {
        "id": 866,
        "name": "쿠쿳 캣 그레인프리 키튼 치킨&터키 1.5kg",
        "image": "https://mamacat.co.kr/web/product/big/20200303/0585aa16190745d51a9e257610f6e651.jpg",
        "상품 간략설명": "자묘용 | 홀리스틱 (2600원/100g당)",
        "가격정책": "마마캣 회원등급 할인 상품",
        "유통기한": "2022.08.01.",
        "박집사 한마디": "좋은 사료임이 틀림없습니다. 박집사는 늘 이런 사료를 유심히 봅니다.",
        "사료등급": "홀리스틱",
        "정상 소비자가": "45,000원",
        "마마캣 판매가": "39,000원",
        "가장 높은 회원등급 할인 적용시 구매가": "37,050원 (최대 1,950원 할인)",
        "원산지": "벨기에",
        "제조자 | 수입자": "제일사료(주) | 쿠쿳",
        "사용 연령": "자묘용 (12개월 이하)",
        "100g 가격": "2,600원",
        "포장단위별 용량, 수량": "1.5kg",
        "법에 의한 인증 및 허가": "사료관리법에 따른 수입신고를 필함",
        "원료구성": "신선한 닭고기, 건조 닭고기, 건조 칠면조, 완두, 가수분해 닭고기단백질, 계유, 감자, 감자단백, 아마씨,연어유, 맥주효모, 비트펄프. 치커리, 식물성섬유소, 계란분말,당근,MOS,미네랄,브로콜리,시금치,고구마,크랜베리 등",
        "성분구성": "조단백질 38%이상, 조지방 20% 이상, 조섬유 5%이하, 조회분 10%이하, 칼슘 1.0%이상, 인0.8%이상, 수분 12%이하",
        "현재 재고 수량": "5개",
        "소비자 상담 전화": "마마캣 고객센터 (1544-6141)",
        "제품 포장 유형": "통포장"
    },
    {
        "id": 867,
        "name": "테라펠리스 캣 주식캔 클래식 3종 맛보기 100g × 3개",
        "image": "https://mamacat.co.kr/web/product/big/20200415/5fd03b936850e2dabbc9175f3e37568f.jpg",
        "가격정책": "마마캣 회원등급 할인 상품",
        "정상 소비자가": "12,000원",
        "마마캣 판매가": "11,400원",
        "가장 높은 회원등급 할인 적용시 구매가": "10,830원 (최대 570원 할인)",
        "원산지": "독일",
        "제조자 | 수입자": "Terra Canis | (주)대주바이오",
        "100g 가격": "3,410원",
        "포장단위별 용량, 수량": "100g × 3개",
        "법에 의한 인증 및 허가": "사료관리법에 따른 수입신고를 필함",
        "원료구성": "각 상세페이지 참조",
        "성분구성": "각 상세페이지 참조",
        "현재 재고 수량": "7개",
        "소비자 상담 전화": "마마캣 고객센터 (1544-6141)",
        "제품 보관방법": "직사광선이 없는 곳에 실온보관"
    },
    {
        "id": 868,
        "name": "테라펠리스 캣 주식캔 클래식 치킨과 호박 100g",
        "image": "https://mamacat.co.kr/web/product/big/20200415/51f52bd03a4c6d8dd5dcae26e517d6bf.jpg",
        "가격정책": "마마캣 회원등급 할인 상품",
        "유통기한": "2022.07.09.",
        "정상 소비자가": "3,900원",
        "마마캣 판매가": "3,870원",
        "가장 높은 회원등급 할인 적용시 구매가": "3,680원 (최대 190원 할인)",
        "원산지": "독일",
        "제조자 | 수입자": "Terra Canis | (주)대주바이오",
        "100g 가격": "3,870원",
        "포장단위별 용량, 수량": "100g",
        "법에 의한 인증 및 허가": "사료관리법에 따른 수입신고를 필함",
        "원료구성": "닭 심장 55%, 닭 위 20%, 닭 간 15%, 호박 5%, 코코넛 오일 2%, 개박하 0.5%, 아마인유 0.8%, 연어오일 0.5%, 회향 0.6%, 유기농 달걀껍질 파우더 0.2%, 해초 0.3%, 미네랄 파우더 0.1%, 타우린 300mg",
        "성분구성": "조단백 6.2% 이상, 조지방 7.0% 이상, 조섬유 0.4% 이하, 조회분 1.2% 이하, 수분 96.1% 이하, 칼슘 0.14% 이상, 인 0.07% 이상",
        "현재 재고 수량": "18개",
        "소비자 상담 전화": "마마캣 고객센터 (1544-6141)",
        "제품 보관방법": "직사광선이 없는 곳에 실온보관"
    },
    {
        "id": 869,
        "name": "테라펠리스 캣 주식캔 클래식 칠면조와 애호박 100g",
        "image": "https://mamacat.co.kr/web/product/big/20200415/40bb23c235b53f1d0cf2e2e95e93fd28.jpg",
        "가격정책": "마마캣 회원등급 할인 상품",
        "유통기한": "2023.05.11.",
        "정상 소비자가": "3,900원",
        "마마캣 판매가": "3,870원",
        "가장 높은 회원등급 할인 적용시 구매가": "3,680원 (최대 190원 할인)",
        "원산지": "독일",
        "제조자 | 수입자": "Terra Canis | (주)대주바이오",
        "100g 가격": "3,870원",
        "포장단위별 용량, 수량": "100g",
        "법에 의한 인증 및 허가": "사료관리법에 따른 수입신고를 필함",
        "원료구성": "칠면조 심장 51%, 칠면조 위 24%, 칠면조 간 15%, 애호박 5%, 코코넛 가루 2%, 개박하 0.5%, 아마인유 0.3%, 연어오일 0.5%, 카모마일 0.3%, 회향 0.8%, 유기농 달걀껍질 파우더 0.2%, 해초 0.3%, 미네랄 파우더 0.1%, 타우린 300mg",
        "성분구성": "조단백 6.6% 이상, 조지방 7.6% 이상, 조섬유 3.7% 이하, 조회분 1.3% 이하, 수분 94.7% 이하, 칼슘 0.09% 이상, 인 0.09% 이상",
        "현재 재고 수량": "10개",
        "소비자 상담 전화": "마마캣 고객센터 (1544-6141)",
        "제품 보관방법": "직사광선이 없는 곳에 실온보관"
    },
    {
        "id": 870,
        "name": "테라펠리스 캣 주식캔 클래식 토끼와 브로콜리 100g",
        "image": "https://mamacat.co.kr/web/product/big/20200415/61bf4104f6c7fee8a6dfcc51202591ae.jpg",
        "가격정책": "마마캣 회원등급 할인 상품",
        "유통기한": "2022.11.22.",
        "정상 소비자가": "4,200원",
        "마마캣 판매가": "3,870원",
        "가장 높은 회원등급 할인 적용시 구매가": "3,680원 (최대 190원 할인)",
        "원산지": "독일",
        "제조자 | 수입자": "Terra Canis | (주)대주바이오",
        "100g 가격": "3,870원",
        "포장단위별 용량, 수량": "100g",
        "법에 의한 인증 및 허가": "사료관리법에 따른 수입신고를 필함",
        "원료구성": "토끼살코기75%, 칠면조간15%, 브로콜리5%, 코코넛가루2%, 아마인유0.9%, 린트오일0.5%, 펜넬0.5%, 개박하0.3%, 해초0.3%, 로즈힙파우더0.2%, 유기농달걀껍질가루2%, 미네랄황토0.1%, 타우린1500mg/kg",
        "현재 재고 수량": "71개",
        "소비자 상담 전화": "마마캣 고객센터 (1544-6141)",
        "제품 보관방법": "직사광선이 없는 곳에 실온보관"
    },
    {
        "id": 871,
        "name": "토스칸 내추럴 캣 그레인프리 카르네 칠면조&치킨 레시피 2.27kg",
        "image": "https://mamacat.co.kr/web/product/big/202011/7cb1c97f869ac22f5ebd017ac520084f.jpg",
        "상품 간략설명": "전연령 | 홀리스틱 (2378원/100g당)",
        "가격정책": "마마캣 회원등급 할인 상품",
        "유통기한": "2021.10.25.",
        "정상 소비자가": "54,000원",
        "마마캣 판매가": "54,000원",
        "가장 높은 회원등급 할인 적용시 구매가": "51,300원 (최대 2,700원 할인)",
        "원산지": "미국",
        "제조자 | 수입자": "토스칸 | 리딩펫",
        "사용 연령": "전연령 (3개월 이상)",
        "100g 가격": "2,378원",
        "포장단위별 용량, 수량": "2.27kg",
        "법에 의한 인증 및 허가": "사료관리법에 따른 수입신고를 필함",
        "원료구성": "칠면조고기, 건조 닭고기분말, 완두콩단백질, 닭고기, 건조 청어분말, 말린 완두콩, 러셋감자, 닭지방(혼합 토코페롤로 보존), 올리브유(혼합 토코페롤로 보존), 건조 칠면조분말, 아마씨, 완두콩 섬유, 천연향료, 사과, 당근, 크랜베리, 청오오일, 토마토, 호박 등",
        "성분구성": "조단백질 40%이상, 조지방 22%이상, 조섬유 3%이하 수분 11%이하, (조회분 ,인, 칼슘 함량 수입사 확인중) / 3,903Kcal/kg",
        "현재 재고 수량": "6개",
        "소비자 상담 전화": "마마캣 고객센터(1588-6141)",
        "제품 포장 유형": "통포장 (지퍼팩 없음)",
        "권장 급여량": "제품 상세페이지 참조",
        "제품 보관방법": "직사광선을 피하고 습기가 없는 서늘한 곳에 보관하십시오. (하절기 및 고온다습시 보관주의)"
    },
    {
        "id": 872,
        "name": "토스칸 내추럴 캣 그레인프리 하베스트 칠면조&치킨 레시피 2.27kg",
        "image": "https://mamacat.co.kr/web/product/big/202011/f20d15b71f626a3d0c9ff69528fb3998.jpg",
        "상품 간략설명": "전연령 | 홀리스틱 (2158원/100g당)",
        "가격정책": "마마캣 회원등급 할인 상품",
        "유통기한": "2021.10.22.",
        "정상 소비자가": "49,000원",
        "마마캣 판매가": "49,000원",
        "가장 높은 회원등급 할인 적용시 구매가": "46,550원 (최대 2,450원 할인)",
        "원산지": "미국",
        "제조자 | 수입자": "토스칸 | 리딩펫",
        "사용 연령": "전연령 (3개월 이상)",
        "100g 가격": "2,158원",
        "포장단위별 용량, 수량": "2.27kg",
        "법에 의한 인증 및 허가": "사료관리법에 따른 수입신고를 필함",
        "원료구성": "건조 닭고기분말, 건조 칠면조분말, 칠면조고기, 닭고기, 렌틸콩, 고구마, 올리브유(혼합 토코페롤로 보존), 닭지방(혼합 토코페롤로 보존), 건조 연어분말, 아마씨, 천연향료, 연어오일, 말린 켈프, 건조 청어분말, 티아민, 리보플라빈, 나이아신, 비타민B6보충물 등",
        "성분구성": "조단백질 37%이상, 조지방 22%이상, 조섬유 2%이하, 수분 11%이하, (조회분 ,인, 칼슘 함량 수입사 확인중) / 4,067Kcal/kg",
        "현재 재고 수량": "5개",
        "소비자 상담 전화": "마마캣 고객센터(1588-6141)",
        "제품 포장 유형": "통포장 (지퍼팩 없음)",
        "권장 급여량": "제품 상세페이지 참조",
        "제품 보관방법": "직사광선을 피하고 습기가 없는 서늘한 곳에 보관하십시오. (하절기 및 고온다습시 보관주의)"
    },
    {
        "id": 873,
        "name": "토탈 이퀼리브리오 캣 라이트 1.5kg",
        "image": "https://mamacat.co.kr/web/product/big/sejun2523_7586.jpg",
        "상품 간략설명": "성묘용 | 슈퍼프리미엄 (1533원/100g당)",
        "가격정책": "마마캣 회원등급 할인 상품",
        "유통기한": "2022.03.17.",
        "정상 소비자가": "20,000원",
        "마마캣 판매가": "23,000원",
        "원산지": "브라질",
        "제조자 | 수입자": "TOTAL ALIMENTOS | 글로벌펫",
        "사용 연령": "성묘용 (12개월 이상)",
        "100g 가격": "1056원",
        "포장단위별 용량, 수량": "1.5kg",
        "법에 의한 인증 및 허가": "사료관리법에 따른 수입신고를 필함",
        "원료구성": "치킨순살, 어분, 쌀, 옥수수글루텐분말, 건조효모, 가금류간, 플랙시드분말, 생선오일, 콩오일, 사탕무우과육, 닭고기지방, 시일륨, 이눌린, L-카르티닌, 인산이칼슘, DL-메티오닌, 미네랄오일, 염화칼륨, 헥사메타인산나트륨, 유카추출물,",
        "성분구성": "조단백 36%이상, 조지방 8.0%이상, 조섬유 7.0%이하, 조회분 7.0%이하, 칼슘 0.75%이상, 인 1.5%이하",
        "현재 재고 수량": "3개",
        "소비자 상담 전화": "마마캣 고객센터 (1544-6141)",
        "제품 포장 유형": "통포장 (지퍼 없음)"
    },
    {
        "id": 874,
        "name": "토탈 이퀼리브리오 캣 시니어 캐스트 레이티드 1.5kg",
        "image": "https://mamacat.co.kr/web/product/big/sejun2523_7588.jpg",
        "상품 간략설명": "노묘용 | 슈퍼프리미엄 (1533원/100g당)",
        "가격정책": "마마캣 회원등급 할인 상품",
        "유통기한": "2022.08.28.",
        "사료등급": "슈퍼프리미엄",
        "정상 소비자가": "25,000원",
        "마마캣 판매가": "23,000원",
        "가장 높은 회원등급 할인 적용시 구매가": "21,850원 (최대 1,150원 할인)",
        "원산지": "브라질",
        "제조자 | 수입자": "TOTAL ALIMENTOS | 글로벌펫",
        "사용 연령": "노묘용 (7세 이상)",
        "100g 가격": "1533원",
        "포장단위별 용량, 수량": "1.5kg",
        "법에 의한 인증 및 허가": "사료관리법에 따른 수입신고를 필함",
        "원료구성": "뼈를 발라낸 신선한 닭고기, 가금분, 쌀, 옥수수, 어분, 옥수수글루텐, 정제어유, 가금지방, 닭간, 건조효모, 사탕무, 인산이칼슘, 유카추출물, 염화콜린, DL-메싸이오닌, 타우린, 이눌린, 사일륨, 생균첨가제, L-카르니틴, 만난올리고당, 헥사메타인산나트륨 등",
        "성분구성": "조단백 33%이상, 조지방 17.0%이상, 조섬유 5.5%이하, 조회분 7.5%이하, 칼슘 0.75%이상, 인 0.65%이하, 수분 10% 이하",
        "현재 재고 수량": "3개",
        "소비자 상담 전화": "마마캣 고객센터 (1544-6141)",
        "제품 포장 유형": "통포장 (지퍼 없음)"
    },
    {
        "id": 875,
        "name": "토탈 이퀼리브리오 캣 어덜트 치킨 1.5kg",
        "image": "https://mamacat.co.kr/web/product/big/sejun2523_7581.jpg",
        "상품 간략설명": "성묘용 | 슈퍼프리미엄 (1533원/100g당)",
        "가격정책": "마마캣 회원등급 할인 상품",
        "유통기한": "2022.03.20.",
        "정상 소비자가": "20,000원",
        "마마캣 판매가": "23,000원",
        "원산지": "브라질",
        "제조자 | 수입자": "TOTAL ALIMENTOS | 글로벌펫",
        "사용 연령": "성묘용 (12개월 이상)",
        "100g 가격": "1056원",
        "포장단위별 용량, 수량": "1.5kg",
        "법에 의한 인증 및 허가": "사료관리법에 따른 수입신고를 필함",
        "원료구성": "뼈를 발라낸 신선한 닭고기, 어분, 쌀, 건조효모, 가금류간, 플랙시드 분말, 가금 지방(천연 혼합 토코페롤과 로즈마리 오일), 생선 오일, 사탕무우과육, 이눌린, 옥수수글루텐분말, 인산이칼슘, 염화콜린, DL-메티오닌, 인산, 염화칼륨, 유카추출물 등",
        "성분구성": "조단백 33%이상, 조지방 18.0%이상, 조섬유 5.0%이하, 조회분 7.0%이하, 칼슘 0.75%이상, 인 1.5%이하",
        "현재 재고 수량": "4개",
        "소비자 상담 전화": "마마캣 고객센터 (1544-6141)",
        "제품 포장 유형": "통포장 (지퍼 없음)"
    },
    {
        "id": 876,
        "name": "토탈 이퀼리브리오 캣 캐스트 레이티드 1.5kg",
        "image": "https://mamacat.co.kr/web/product/big/sejun2523_7587.jpg",
        "상품 간략설명": "성묘용 | 슈퍼프리미엄 (1533원/100g당)",
        "가격정책": "마마캣 회원등급 할인 상품",
        "유통기한": "2022.04.11.",
        "사료등급": "슈퍼프리미엄",
        "정상 소비자가": "25,000원",
        "마마캣 판매가": "23,000원",
        "가장 높은 회원등급 할인 적용시 구매가": "21,850원 (최대 1,150원 할인)",
        "원산지": "브라질",
        "제조자 | 수입자": "TOTAL ALIMENTOS | 글로벌펫",
        "사용 연령": "성묘용 (12개월 이상)",
        "100g 가격": "1533원",
        "포장단위별 용량, 수량": "1.5kg",
        "법에 의한 인증 및 허가": "사료관리법에 따른 수입신고를 필함",
        "원료구성": "뼈를 발라낸 신선한 닭고기, 가금분, 쌀, 옥수수, 어분, 옥수수글루텐, 정제어유, 가금지방, 닭간, 셀룰로오스 분말, 건조효모, 사탕무, 인산이칼슘, 유카추출물, 염화콜린, DL-메싸이오닌, 생균첨가제, 이눌린, 사일륨, 미네랄오일, L-카르니틴, 타우린 등",
        "성분구성": "조단백 35%이상, 조지방 10.0%이상, 조섬유 5.5%이하, 조회분 7.5%이하, 칼슘 0.75%이상, 인 0.75%이하, 수분 10% 이하",
        "현재 재고 수량": "6개",
        "소비자 상담 전화": "마마캣 고객센터 (1544-6141)",
        "제품 포장 유형": "통포장 (지퍼 없음)"
    },
    {
        "id": 877,
        "name": "토탈 이퀼리브리오 캣 키튼 1.5kg",
        "image": "https://mamacat.co.kr/web/product/big/sejun2523_7579.jpg",
        "상품 간략설명": "자묘용 | 슈퍼프리미엄 (1533원/100g당)",
        "가격정책": "마마캣 회원등급 할인 상품",
        "유통기한": "2022.03.03.",
        "정상 소비자가": "20,000원",
        "마마캣 판매가": "23,000원",
        "원산지": "브라질",
        "제조자 | 수입자": "TOTAL ALIMENTOS | 글로벌펫",
        "사용 연령": "자묘용 (12개월 이하)",
        "100g 가격": "1056원",
        "포장단위별 용량, 수량": "1.5kg",
        "법에 의한 인증 및 허가": "사료관리법에 따른 수입신고를 필함",
        "원료구성": "뼈를 발라낸 신선한 닭고기, 어분, 쌀, 건조효모, 가금류간, 플랙시드 분말, 가금 지방(천연 혼합 토코페롤과 로즈마리 오일), 생선 오일, 사탕무우과육, 이눌린, 옥수수글루텐분말, 인산이칼슘, 염화콜린, DL-메티오닌, MOS(면역활성증가제) 등",
        "성분구성": "조단백 35%이상, 조지방 20.0%이상, 조섬유 2.7%이하, 조회분 7.0%이하, 칼슘 0.8%이상, 인 1.5%이하",
        "현재 재고 수량": "4개",
        "소비자 상담 전화": "마마캣 고객센터 (1544-6141)",
        "제품 포장 유형": "통포장 (지퍼 없음)"
    },
    {
        "id": 878,
        "name": "퍼시캣 그레인프리 연어 레시피 1kg",
        "image": "https://mamacat.co.kr/web/product/big/20200514/5b20e8b9523a6cdb1239c46815163f91.jpg",
        "상품 간략설명": "전연령 | 홀리스틱 (1440원/100g당)",
        "가격정책": "마마캣 회원등급 할인 상품",
        "유통기한": "2022.01.14.",
        "사료등급": "홀리스틱",
        "정상 소비자가": "16,000원",
        "마마캣 판매가": "14,400원",
        "가장 높은 회원등급 할인 적용시 구매가": "13,680원 (최대 720원 할인)",
        "원산지": "미국",
        "제조자 | 수입자": "Pets global | 카디날코리아",
        "사용 연령": "전연령 (3개월 이상)",
        "100g 가격": "1440원",
        "포장단위별 용량, 수량": "1kg",
        "법에 의한 인증 및 허가": "사료관리법에 따른 수입신고를 필함",
        "원료구성": "연어, 연어분말, 완두콩, 완두콩 가루, 병아리콩, 닭지방, 메기가루, 천연향미료, 흰살생선 분말, 아마씨, 치킨분말, 알파파 분말, 탄산칼슘, 해조 분말, 염화콜린, 나트륨, 프락토올리고당 등 (상세페이지 참조)",
        "성분구성": "조단백 35.0% 이상, 조지방 15.0% 이상, 조섬유 5.0% 이하, 조회분 8.5% 이하, 칼슘 1.0% 이상, 인 0.8% 이상, 수분 10.0% 이하",
        "현재 재고 수량": "11개",
        "소비자 상담 전화": "마마캣 고객센터 (1544-6141)",
        "제품 포장 유형": "통포장 (지퍼팩 있음)"
    },
    {
        "id": 879,
        "name": "퍼시캣 그레인프리 연어 레시피 4.54kg",
        "image": "https://mamacat.co.kr/web/product/big/20200514/161d26347e95d093703c2436b04ef67b.jpg",
        "상품 간략설명": "전연령 | 홀리스틱 (1170원/100g당)",
        "가격정책": "마마캣 회원등급 할인 상품",
        "유통기한": "2022.01.04.",
        "사료등급": "홀리스틱",
        "정상 소비자가": "59,000원",
        "마마캣 판매가": "53,100원",
        "가장 높은 회원등급 할인 적용시 구매가": "50,450원 (최대 2,650원 할인)",
        "원산지": "미국",
        "제조자 | 수입자": "Pets global | 카디날코리아",
        "사용 연령": "전연령 (3개월 이상)",
        "100g 가격": "1170원",
        "포장단위별 용량, 수량": "4.54kg",
        "법에 의한 인증 및 허가": "사료관리법에 따른 수입신고를 필함",
        "원료구성": "연어, 연어분말, 완두콩, 완두콩 가루, 병아리콩, 닭지방, 메기가루, 천연향미료, 흰살생선 분말, 아마씨, 치킨분말, 알파파 분말, 탄산칼슘, 해조 분말, 염화콜린, 나트륨, 프락토올리고당 등 (상세페이지 참조)",
        "성분구성": "조단백 35.0% 이상, 조지방 15.0% 이상, 조섬유 5.0% 이하, 조회분 8.5% 이하, 칼슘 1.0% 이상, 인 0.8% 이상, 수분 10.0% 이하",
        "현재 재고 수량": "4개",
        "소비자 상담 전화": "마마캣 고객센터 (1544-6141)",
        "제품 포장 유형": "통포장 (지퍼팩 없음)"
    },
    {
        "id": 880,
        "name": "퍼시캣 그레인프리 연어&치킨 레시피 1kg",
        "image": "https://mamacat.co.kr/web/product/big/202007/e4d0ea4468ee62476f05eab1df1db6a7.jpg",
        "상품 간략설명": "전연령 | 홀리스틱 (1440원/100g당)",
        "가격정책": "마마캣 회원등급 할인 상품",
        "유통기한": "2022.02.08.",
        "사료등급": "홀리스틱",
        "정상 소비자가": "16,000원",
        "마마캣 판매가": "14,400원",
        "가장 높은 회원등급 할인 적용시 구매가": "13,680원 (최대 720원 할인)",
        "원산지": "미국",
        "제조자 | 수입자": "Pets global | 카디날코리아",
        "사용 연령": "전연령 (3개월 이상)",
        "100g 가격": "1440원",
        "포장단위별 용량, 수량": "1kg",
        "법에 의한 인증 및 허가": "사료관리법에 따른 수입신고를 필함",
        "원료구성": "연어, 건조닭고기, 완두콩, 병아리콩, 닭지방, 건조칠면조, 완두콩가루, 천연향료, 아마씨, 건조캣피쉬, 건조연어, 인산이칼슘, 프락토올리고당, 염화칼륨, 미네랄 (철 단백질 화합물, 아연 단백질화합물, 구리, 단백질화합물, 마그네슘 단백질화합물) 등",
        "성분구성": "조단백질 36.0%이상, 조지방 15.0%이상, 조섬유 5.0%이하, 조회분 7.0%이하, 수분 10.0%이하, 칼슘 1.0%이상, 인 0.8%이상, 오메가-3 2.0%이상, 오메가-3 0.4%이상",
        "현재 재고 수량": "7개",
        "소비자 상담 전화": "마마캣 고객센터 (1544-6141)",
        "제품 포장 유형": "통포장 (지퍼팩 있음)"
    },
    {
        "id": 881,
        "name": "퍼시캣 그레인프리 치킨&칠면조 레시피 1kg",
        "image": "https://mamacat.co.kr/web/product/big/20200514/8f0acb63f5323313a0db387c62a1e96e.jpg",
        "상품 간략설명": "전연령 | 홀리스틱 (1350원/100g당)",
        "가격정책": "마마캣 회원등급 할인 상품",
        "유통기한": "2022.06.02.",
        "사료등급": "홀리스틱",
        "정상 소비자가": "15,000원",
        "마마캣 판매가": "13,500원",
        "가장 높은 회원등급 할인 적용시 구매가": "12,830원 (최대 670원 할인)",
        "원산지": "미국",
        "제조자 | 수입자": "Pets global | 카디날코리아",
        "사용 연령": "전연령 (3개월 이상)",
        "100g 가격": "1350원",
        "포장단위별 용량, 수량": "1kg",
        "법에 의한 인증 및 허가": "사료관리법에 따른 수입신고를 필함",
        "원료구성": "닭고기, 치킨분말, 완두콩, 칠면조분말, 완두콩가루, 병아리콩, 닭지방, 천연향미료, 아마씨, 인산 이칼슘, 알파파 분말, 프락토올리고당, 미네랄(철, 아연, 구리, 망간, 코발트), 염화칼륨, 염화콜린, DL-메티오닌 등 (상세페이지 참조)",
        "성분구성": "조단백 36.0% 이상, 조지방 16.0% 이상, 조섬유 5.0% 이하, 조회분 7.5% 이하, 칼슘 1.0% 이상, 인 0.8% 이상, 수분 10.0% 이하",
        "현재 재고 수량": "7개",
        "소비자 상담 전화": "마마캣 고객센터 (1544-6141)",
        "제품 포장 유형": "통포장 (지퍼팩 있음)"
    },
    {
        "id": 882,
        "name": "퍼시캣 그레인프리 치킨&칠면조 레시피 4.54kg",
        "image": "https://mamacat.co.kr/web/product/big/20200514/1cac957607b44745a1577d5c0c574535.jpg",
        "상품 간략설명": "전연령 | 홀리스틱 (1090원/100g당)",
        "가격정책": "마마캣 회원등급 할인 상품",
        "유통기한": "2022.06.02.",
        "사료등급": "홀리스틱",
        "정상 소비자가": "55,000원",
        "마마캣 판매가": "49,500원",
        "가장 높은 회원등급 할인 적용시 구매가": "47,030원 (최대 2,470원 할인)",
        "원산지": "미국",
        "제조자 | 수입자": "Pets global | 카디날코리아",
        "사용 연령": "전연령 (3개월 이상)",
        "100g 가격": "1090원",
        "포장단위별 용량, 수량": "4.54kg",
        "법에 의한 인증 및 허가": "사료관리법에 따른 수입신고를 필함",
        "원료구성": "닭고기, 치킨분말, 완두콩, 칠면조분말, 완두콩가루, 병아리콩, 닭지방, 천연향미료, 아마씨, 인산 이칼슘, 알파파 분말, 프락토올리고당, 미네랄(철, 아연, 구리, 망간, 코발트), 염화칼륨, 염화콜린, DL-메티오닌 등 (상세페이지 참조)",
        "성분구성": "조단백 36.0% 이상, 조지방 16.0% 이상, 조섬유 5.0% 이하, 조회분 7.5% 이하, 칼슘 1.0% 이상, 인 0.8% 이상, 수분 10.0% 이하",
        "현재 재고 수량": "2개",
        "소비자 상담 전화": "마마캣 고객센터 (1544-6141)",
        "제품 포장 유형": "통포장 (지퍼팩 없음)"
    },
    {
        "id": 883,
        "name": "퍼시캣 슈퍼프리미엄 주식캔 4종 맛보기 80g × 4개",
        "image": "https://mamacat.co.kr/web/product/big/20200514/eeaec20656f2a38b5e1a483c8e35b5f9.jpg",
        "가격정책": "마마캣 회원등급 할인 상품",
        "유통기한": "각 상품 상세페이지 참고",
        "정상 소비자가": "12,000원",
        "마마캣 판매가": "10,640원",
        "가장 높은 회원등급 할인 적용시 구매가": "10,110원 (최대 530원 할인)",
        "원산지": "태국",
        "제조자 | 수입자": "Pets global (OEM) | 카디날코리아",
        "사용 연령": "전연령 (3개월 이상)",
        "100g 가격": "3,325원",
        "포장단위별 용량, 수량": "80g × 4개",
        "법에 의한 인증 및 허가": "사료관리법에 따른 수입신고를 필함",
        "원료구성": "각 상품 상세페이지 참고",
        "성분구성": "각 상품 상세페이지 참고",
        "현재 재고 수량": "5개",
        "소비자 상담 전화": "마마캣 고객센터 (1544-6141)"
    },
    {
        "id": 884,
        "name": "퍼시캣 슈퍼프리미엄 주식캔 치킨 80g",
        "image": "https://mamacat.co.kr/web/product/big/20200514/dff1d7566b1aeda3dd9c4afae0c680af.jpg",
        "가격정책": "마마캣 회원등급 할인 상품",
        "유통기한": "2022.10.08.",
        "정상 소비자가": "3,000원",
        "마마캣 판매가": "2,700원",
        "가장 높은 회원등급 할인 적용시 구매가": "2,570원 (최대 130원 할인)",
        "원산지": "태국",
        "제조자 | 수입자": "Pets global (OEM) | 카디날코리아",
        "사용 연령": "전연령 (3개월 이상)",
        "100g 가격": "3,375원",
        "포장단위별 용량, 수량": "80g",
        "법에 의한 인증 및 허가": "사료관리법에 따른 수입신고를 필함",
        "원료구성": "치킨, 정제수, 타피오카전분, 해바라기오일, 인산삼칼슘, 로커스트콩검, 젖산칼슘, 치킨육수, 소금, 프락토올리고당, 염화콜린, 타우린, 황산아연, 비타민E, 황산철, 티아민(비타민B1공급원), 니코틴산(비타민B3공급원) 등 (상세페이지 참조)",
        "성분구성": "조단백 11.0% 이상, 조지방 1.5% 이상, 조섬유 0.11% 이하, 조회분 1.2% 이하, 칼슘 0.14% 이상, 인 0.12% 이상, 수분 85.0% 이하",
        "현재 재고 수량": "31개",
        "소비자 상담 전화": "마마캣 고객센터 (1544-6141)"
    },
    {
        "id": 885,
        "name": "퍼시캣 슈퍼프리미엄 주식캔 치킨&닭간 80g",
        "image": "https://mamacat.co.kr/web/product/big/20200514/fe5b64f8061393e2e83d9452cdf4a1f3.jpg",
        "가격정책": "마마캣 회원등급 할인 상품",
        "유통기한": "2022.10.09.",
        "정상 소비자가": "3,000원",
        "마마캣 판매가": "2,700원",
        "가장 높은 회원등급 할인 적용시 구매가": "2,570원 (최대 130원 할인)",
        "원산지": "태국",
        "제조자 | 수입자": "Pets global (OEM) | 카디날코리아",
        "사용 연령": "전연령 (3개월 이상)",
        "100g 가격": "3,375원",
        "포장단위별 용량, 수량": "80g",
        "법에 의한 인증 및 허가": "사료관리법에 따른 수입신고를 필함",
        "원료구성": "정제수, 치킨, 닭껌질, 달간, 호박, 타피오카전분, 해바라기씨오일, 탄산칼슘, 잔탄검, 안산삼칼슘, 참치오일, 염화콜린, 타우린, 프락토올리고당, 황산아연, 염화나트륨, 비타민E, 황산철, 티아민, 니코틴산 등 (상세페이지 참조)",
        "성분구성": "조단백 11.0% 이상, 조지방 1.0% 이상, 조섬유 0.5% 이하, 조회분 1.5% 이하, 칼슘 0.14% 이상, 인 0.17% 이상, 수분 85.0% 이하",
        "현재 재고 수량": "29개",
        "소비자 상담 전화": "마마캣 고객센터 (1544-6141)"
    },
    {
        "id": 886,
        "name": "퍼시캣 슈퍼프리미엄 주식캔 치킨&비프 80g",
        "image": "https://mamacat.co.kr/web/product/big/20200514/da6036ac13f67cb37695b1cff1cffb44.jpg",
        "가격정책": "마마캣 회원등급 할인 상품",
        "유통기한": "2022.10.09.",
        "정상 소비자가": "3,000원",
        "마마캣 판매가": "2,700원",
        "가장 높은 회원등급 할인 적용시 구매가": "2,570원 (최대 130원 할인)",
        "원산지": "태국",
        "제조자 | 수입자": "Pets global (OEM) | 카디날코리아",
        "사용 연령": "전연령 (3개월 이상)",
        "100g 가격": "3,375원",
        "포장단위별 용량, 수량": "80g",
        "법에 의한 인증 및 허가": "사료관리법에 따른 수입신고를 필함",
        "원료구성": "치킨, 정제수, 소고기, 닭껍질, 호박, 타피오카전분, 해바라기오일, 탄산칼슘, 잔탄검, 인산삼칼슘, 참치오일, 염화콜린, 프락토올리고당, 염화나트륨, 타우린, 황산아연, 비타민E, 황산철, 티아민(비타민B1공급원) 등 (상세페이지 참조)",
        "성분구성": "조단백 13.0% 이상, 조지방 1.0% 이상, 조섬유 0.5% 이하, 조회분 1.5% 이하, 칼슘 0.15% 이상, 인 0.18% 이상, 수분 85.0% 이하",
        "현재 재고 수량": "27개",
        "소비자 상담 전화": "마마캣 고객센터 (1544-6141)"
    },
    {
        "id": 887,
        "name": "퍼시캣 슈퍼프리미엄 주식캔 치킨&오리 80g",
        "image": "https://mamacat.co.kr/web/product/big/20200514/4ae2106d712473543603f566cf74d791.jpg",
        "가격정책": "마마캣 회원등급 할인 상품",
        "유통기한": "2022.10.08.",
        "정상 소비자가": "3,000원",
        "마마캣 판매가": "2,700원",
        "가장 높은 회원등급 할인 적용시 구매가": "2,570원 (최대 130원 할인)",
        "원산지": "태국",
        "제조자 | 수입자": "Pets global (OEM) | 카디날코리아",
        "사용 연령": "전연령 (3개월 이상)",
        "100g 가격": "3,375원",
        "포장단위별 용량, 수량": "80g",
        "법에 의한 인증 및 허가": "사료관리법에 따른 수입신고를 필함",
        "원료구성": "치킨, 정제수, 닭껍질, 타피오카 전분, 오리, 당근, 완두콩, 해바리기 오일, 참치오일, 인산염, 탄산칼슘, 잔탄검, 치킨육수, 염화콜린, 염화나트륨, 프락토올리고당, 타우린, 황산아연, 비타민E, 황산철 등 (상세페이지 참조)",
        "성분구성": "조단백 11.0% 이상, 조지방 1.5% 이상, 조섬유 0.3% 이하, 조회분 1.2% 이하, 칼슘 0.15% 이상, 인 0.12% 이상, 수분 85.0% 이하",
        "현재 재고 수량": "17개",
        "소비자 상담 전화": "마마캣 고객센터 (1544-6141)"
    },
    {
        "id": 888,
        "name": "퍼시캣 프리미엄 주식캔 6종 맛보기 80g × 6개",
        "image": "https://mamacat.co.kr/web/product/big/20200514/2d5e365918ab0d420b0c6e167e85dd5a.jpg",
        "가격정책": "마마캣 회원등급 할인 상품",
        "유통기한": "각 상품 상세페이지 참고",
        "정상 소비자가": "15,000원",
        "마마캣 판매가": "13,380원",
        "가장 높은 회원등급 할인 적용시 구매가": "12,720원 (최대 660원 할인)",
        "원산지": "태국",
        "제조자 | 수입자": "Pets global (OEM) | 카디날코리아",
        "사용 연령": "전연령 (3개월 이상)",
        "100g 가격": "2,787원",
        "포장단위별 용량, 수량": "80g × 6개",
        "법에 의한 인증 및 허가": "사료관리법에 따른 수입신고를 필함",
        "원료구성": "각 상품 상세페이지 참고",
        "성분구성": "각 상품 상세페이지 참고",
        "현재 재고 수량": "4개",
        "소비자 상담 전화": "마마캣 고객센터 (1544-6141)"
    },
    {
        "id": 889,
        "name": "퍼시캣 프리미엄 주식캔 참치&새우 80g",
        "image": "https://mamacat.co.kr/web/product/big/20200514/8cdbeff55d35a17ca69bff22e5c68202.jpg",
        "가격정책": "마마캣 회원등급 할인 상품",
        "유통기한": "2022.10.07.",
        "정상 소비자가": "2,500원",
        "마마캣 판매가": "2,250원",
        "가장 높은 회원등급 할인 적용시 구매가": "2,140원 (최대 110원 할인)",
        "원산지": "태국",
        "제조자 | 수입자": "Pets global (OEM) | 카디날코리아",
        "사용 연령": "전연령 (3개월 이상)",
        "100g 가격": "2,812원",
        "포장단위별 용량, 수량": "80g",
        "법에 의한 인증 및 허가": "사료관리법에 따른 수입신고를 필함",
        "원료구성": "참치, 정제수, 새우, 해바라기씨오일, 탄산칼슘, 로커스트콩검, 카라기난, 구아검, 염화콜린, 염화칼륨, 탄산칼륨, 타우린, 프락토올리고당, 염화나트륨, 황산아연, 비타민E, 황산철, 티아민, 니코틴산 등 (상세페이지 참조)",
        "성분구성": "조단백 11.40% 이상, 조지방 0.5% 이상, 조섬유 0.1% 이하, 조회분 1.5% 이하, 칼슘 0.15% 이상, 인 0.17% 이상, 수분 84.5% 이하",
        "현재 재고 수량": "9개",
        "소비자 상담 전화": "마마캣 고객센터 (1544-6141)"
    },
    {
        "id": 890,
        "name": "퍼시캣 프리미엄 주식캔 참치&실꼬리돔 80g",
        "image": "https://mamacat.co.kr/web/product/big/20200514/28cee6c1e86f878641de63f4a48cf7cf.jpg",
        "가격정책": "마마캣 회원등급 할인 상품",
        "유통기한": "2022.10.08.",
        "정상 소비자가": "2,500원",
        "마마캣 판매가": "2,250원",
        "가장 높은 회원등급 할인 적용시 구매가": "2,140원 (최대 110원 할인)",
        "원산지": "태국",
        "제조자 | 수입자": "Pets global (OEM) | 카디날코리아",
        "사용 연령": "전연령 (3개월 이상)",
        "100g 가격": "2,812원",
        "포장단위별 용량, 수량": "80g",
        "법에 의한 인증 및 허가": "사료관리법에 따른 수입신고를 필함",
        "원료구성": "참치, 정제수, 실꼬리돔, 해바라기씨오일, 탄산칼슘, 로커스트콩검, 카라기난, 구아검, 염화콜린, 염화칼륨, 탄산칼륨, 타우린, 프락토올리고당, 염화나트륨, 황산아연, 비타민E, 황산철, 티아민, 니코틴산 등 (상세페이지 참조)",
        "성분구성": "조단백 14.0% 이상, 조지방 1.0% 이상, 조섬유 0.21% 이하, 조회분 2.3% 이하, 칼슘 0.15% 이상, 인 0.22% 이상, 수분 84.5% 이하",
        "현재 재고 수량": "8개",
        "소비자 상담 전화": "마마캣 고객센터 (1544-6141)"
    },
    {
        "id": 891,
        "name": "퍼시캣 프리미엄 주식캔 참치&연어 80g",
        "image": "https://mamacat.co.kr/web/product/big/20200514/1028369db8017b2d254fdfca3a2c5092.jpg",
        "가격정책": "마마캣 회원등급 할인 상품",
        "유통기한": "2022.10.07.",
        "정상 소비자가": "2,500원",
        "마마캣 판매가": "2,250원",
        "가장 높은 회원등급 할인 적용시 구매가": "2,140원 (최대 110원 할인)",
        "원산지": "태국",
        "제조자 | 수입자": "Pets global (OEM) | 카디날코리아",
        "사용 연령": "전연령 (3개월 이상)",
        "100g 가격": "2,812원",
        "포장단위별 용량, 수량": "80g",
        "법에 의한 인증 및 허가": "사료관리법에 따른 수입신고를 필함",
        "원료구성": "참치, 정제수, 연어, 해바라기씨오일, 탄산칼슘, 로거스트콩검, 카라기난, 구아검, 염화콜린, 염화칼륨, 탄산칼륨, 타우린, 프락토 올리고당, 염화나트륨, 황산아연, 비타민 E, 황산철, 티아민, 니코틴산 등 (상세페이지 참조)",
        "성분구성": "조단백 11.5% 이상, 조지방 1.4% 이상, 조섬유 0.1% 이하, 조회분 1.5% 이하, 칼슘 0.15% 이상, 인 0.16% 이상, 수분 84.5% 이하",
        "현재 재고 수량": "16개",
        "소비자 상담 전화": "마마캣 고객센터 (1544-6141)"
    },
    {
        "id": 892,
        "name": "퍼시캣 프리미엄 주식캔 참치&오션피쉬 80g",
        "image": "https://mamacat.co.kr/web/product/big/20200514/eb7e19049c617dc7d481a8caebd4df39.jpg",
        "가격정책": "마마캣 회원등급 할인 상품",
        "유통기한": "2022.10.08.",
        "정상 소비자가": "2,500원",
        "마마캣 판매가": "2,250원",
        "가장 높은 회원등급 할인 적용시 구매가": "2,140원 (최대 110원 할인)",
        "원산지": "태국",
        "제조자 | 수입자": "Pets global (OEM) | 카디날코리아",
        "사용 연령": "전연령 (3개월 이상)",
        "100g 가격": "2,812원",
        "포장단위별 용량, 수량": "80g",
        "법에 의한 인증 및 허가": "사료관리법에 따른 수입신고를 필함",
        "원료구성": "참치, 정제수, 오션피쉬, 해바라기씨오일, 탄산칼슘, 로커스트콩검, 카라기난, 구아검, 염화콜린, 염화칼륨, 탄산칼륨, 타우린, 프락토올리고당, 염화나트륨, 황산아연, 비타민E, 황산철, 티아민, 니코틴산 등 (상세페이지 참조)",
        "성분구성": "조단백 11.7% 이상, 조지방 0.7% 이상, 조섬유 0.1% 이하, 조회분 1.5% 이하, 칼슘 0.15% 이상, 인 0.16% 이상, 수분 86.0% 이하",
        "현재 재고 수량": "8개",
        "소비자 상담 전화": "마마캣 고객센터 (1544-6141)"
    },
    {
        "id": 893,
        "name": "퍼시캣 프리미엄 주식캔 참치&조개 80g",
        "image": "https://mamacat.co.kr/web/product/big/20200514/cfdfefe1b4d65f38c2c4698e960035aa.jpg",
        "가격정책": "마마캣 회원등급 할인 상품",
        "유통기한": "2022.10.08.",
        "정상 소비자가": "2,500원",
        "마마캣 판매가": "2,250원",
        "가장 높은 회원등급 할인 적용시 구매가": "2,140원 (최대 110원 할인)",
        "원산지": "태국",
        "제조자 | 수입자": "Pets global (OEM) | 카디날코리아",
        "사용 연령": "전연령 (3개월 이상)",
        "100g 가격": "2,812원",
        "포장단위별 용량, 수량": "80g",
        "법에 의한 인증 및 허가": "사료관리법에 따른 수입신고를 필함",
        "원료구성": "참치, 정제수, 조개, 해바라기씨오일, 탄산칼슘, 로커스트콩검, 카라기난, 구아검, 염화콜린, 염화칼륨, 탄산칼륨, 타우린, 프락토올리고당, 염화나트륨, 황산아연, 비타민E, 황산철, 티아민, 니코틴산 등 (상세페이지 참조)",
        "성분구성": "조단백 12.0% 이상, 조지방 0.6% 이상, 조섬유 0.1% 이하, 조회분 1.5% 이하, 칼슘 0.15% 이상, 인 0.19% 이상, 수분 84.5% 이하",
        "현재 재고 수량": "7개",
        "소비자 상담 전화": "마마캣 고객센터 (1544-6141)"
    },
    {
        "id": 894,
        "name": "퍼시캣 프리미엄 주식캔 참치&치킨 80g",
        "image": "https://mamacat.co.kr/web/product/big/20200514/9b76d3d940427948350313ea9a575d03.jpg",
        "가격정책": "마마캣 회원등급 할인 상품",
        "유통기한": "2022.10.07.",
        "정상 소비자가": "2,500원",
        "마마캣 판매가": "2,250원",
        "가장 높은 회원등급 할인 적용시 구매가": "2,140원 (최대 110원 할인)",
        "원산지": "태국",
        "제조자 | 수입자": "Pets global (OEM) | 카디날코리아",
        "사용 연령": "전연령 (3개월 이상)",
        "100g 가격": "2,812원",
        "포장단위별 용량, 수량": "80g",
        "법에 의한 인증 및 허가": "사료관리법에 따른 수입신고를 필함",
        "원료구성": "참치, 정제수, 치킨, 해바라기씨오일, 탄산칼슘, 로커스트콩검, 카라기난, 구아검, 염화콜린, 염화칼륨, 탄산칼륨, 타우린, 프락토올리고당, 염화나트륨, 황산아연, 비타민E, 황산철, 티아민, 니코틴산 등 (상세페이지 참조)",
        "성분구성": "조단백 12.0% 이상, 조지방 1.3% 이상, 조섬유 0.2% 이하, 조회분 1.5% 이하, 칼슘 0.15% 이상, 인 0.2% 이상, 수분 84.5% 이하",
        "현재 재고 수량": "21개",
        "소비자 상담 전화": "마마캣 고객센터 (1544-6141)"
    },
    {
        "id": 895,
        "name": "페어캣 습식파우치 케어 pH컨트롤 85g",
        "image": "https://mamacat.co.kr/web/product/big/20200529/4085918fc1e29343233a9ff7b399b30a.png",
        "가격정책": "마마캣 회원등급 할인 상품",
        "유통기한": "2022.01.06.",
        "박집사 한마디": "인과 칼슘비율이 특히나 눈에 띄게 좋네요 :), 모든 고양이에게 추천하지만 특히 노령묘에게 추천합니다.",
        "정상 소비자가": "3,000원",
        "마마캣 판매가": "2,700원",
        "가장 높은 회원등급 할인 적용시 구매가": "2,570원 (최대 130원 할인)",
        "원산지": "독일",
        "제조자 | 수입자": "greenpetfood | (주)펫온비즈",
        "사용 연령": "전연령 (3개월 이상)",
        "100g 가격": "3,176원",
        "포장단위별 용량, 수량": "85g",
        "법에 의한 인증 및 허가": "사료관리법에 따른 수입신고를 필함",
        "원료구성": "자연방목 닭고기(심장, 닭가슴살, 간, 목) 70%, 닭육수 27.0%, 크랜베리 2.00%, 미네랄",
        "성분구성": "조단백질 10.1%이상, 조지방 4.9% 이상, 조섬유 0.3%이하, 조회분 2.4%이하, 인 0.15%이상, 칼슘 0.17%이상, 수분 82%이하",
        "현재 재고 수량": "90개",
        "소비자 상담 전화": "마마캣 고객센터 (1544-6141)",
        "제품 포장 유형": "파우치",
        "권장 급여량": "(1일) 3kg이하 : 225g 이하 3~5kg : 225~320g 5~7kg : 320~400g 7kg이상 : 400g 이상",
        "제품 보관방법": "직사광선이 없으며 서늘하고 건조한곳에 실온보관"
    },
    {
        "id": 896,
        "name": "퓨리나 캣차우 컴플리트 11.3kg",
        "image": "https://mamacat.co.kr/web/product/big/20191129/16337506081ac38e724c3bb8f5cdb836.jpg",
        "상품 간략설명": "전연령 | 프리미엄 (3773원/100g당)",
        "가격정책": "최저마진",
        "유통기한": "2022.04.",
        "사료등급": "프리미엄",
        "정상 소비자가": "65,000원",
        "마마캣 판매가": "42,640원",
        "원산지": "미국",
        "제조자 | 수입자": "Nestle Purina PetCare Company | (주)롯데네슬레코리아",
        "사용 연령": "전연령 (생후 3개월 이상)",
        "100g 가격": "3773원",
        "포장단위별 용량, 수량": "11.3kg",
        "법에 의한 인증 및 허가": "사료관리법에 따른 수입신고를 필함",
        "원료구성": "닭고기 가공분, 옥수수가루, 옥수수글루텐박, 통밀가루, 쌀, 대두분, 혼합토코페롤로 보존된 동물성 지방, 닭고기, 어분, 간맛 향미제, 인산, 탄산칼슘, 염분, 염화칼륨, 염화콜린, 미네랄 합제, 타우린, 비타민합제, DL-메티오닌, 식용색소",
        "성분구성": "조단백질 32.0%이상, 조지방 12.0%이상, 조섬유 3.0%이하, 조회분 10.0%이하, 칼슘 1.1%이상, 인 0.9%이상, 수분 12.0%이하",
        "현재 재고 수량": "5개",
        "소비자 상담 전화": "마마캣 고객센터 (1544-6141)",
        "제품 포장 유형": "통포장 (지퍼 없음)"
    },
    {
        "id": 897,
        "name": "퓨리나 팬시피스트 로얄 브로스 파우치 순살 닭고기&고구마와 당근 in 진한 고기 육수 40g",
        "image": "https://mamacat.co.kr/web/product/big/20200623/c2726b0c15f5f995f96b6f6e777de196.jpg",
        "가격정책": "최저마진",
        "유통기한": "2023.01.",
        "정상 소비자가": "1,600원",
        "마마캣 판매가": "1,400원",
        "원산지": "태국",
        "제조자 | 수입자": "Thai Union Manufacturing Co., Ltd. | 롯데네슬레코리아(주)",
        "사용 연령": "성묘용(12개월 이상)",
        "100g 가격": "3500원",
        "포장단위별 용량, 수량": "40g",
        "법에 의한 인증 및 허가": "사료관리법에 따른 수입신고를 필함",
        "원료구성": "고기육수,순살닭고기,고구마,생선추출물,당근,시금치,변성타피오카전분,구아검,카라기난,비타민E보조제,질산티아민",
        "성분구성": "조단백질 7.0%이상, 조지방 0.05%이상, 조섬유 1.0%이하, 조회분 3.0%이하, 칼슘 0.001%이상, 인 0.01%이상, 수분 92.0%이하",
        "현재 재고 수량": "13개",
        "소비자 상담 전화": "마마캣 고객센터 (1544-6141)"
    },
    {
        "id": 898,
        "name": "퓨리나 팬시피스트 로얄 브로스 파우치 순살 닭고기&고구마와 당근 in 진한 고기 육수 40g × 16개",
        "image": "https://mamacat.co.kr/web/product/big/20200623/09dc2b67506a28869656bc8e5a98a37e.jpg",
        "가격정책": "최저마진",
        "유통기한": "2023.01.",
        "정상 소비자가": "25,600원",
        "마마캣 판매가": "20,800원",
        "원산지": "태국",
        "제조자 | 수입자": "Thai Union Manufacturing Co., Ltd. | 롯데네슬레코리아(주)",
        "사용 연령": "성묘용(12개월 이상)",
        "100g 가격": "3,250원",
        "포장단위별 용량, 수량": "40g × 16개",
        "법에 의한 인증 및 허가": "사료관리법에 따른 수입신고를 필함",
        "원료구성": "고기육수,순살닭고기,고구마,생선추출물,당근,시금치,변성타피오카전분,구아검,카라기난,비타민E보조제,질산티아민",
        "성분구성": "조단백질 7.0%이상, 조지방 0.05%이상, 조섬유 1.0%이하, 조회분 3.0%이하, 칼슘 0.001%이상, 인 0.01%이상, 수분 92.0%이하",
        "현재 재고 수량": "6개",
        "소비자 상담 전화": "마마캣 고객센터 (1544-6141)"
    },
    {
        "id": 899,
        "name": "퓨리나 팬시피스트 로얄 브로스 파우치 순살 닭고기&토마토와 당근 in 크리미 고기 육수 40g",
        "image": "https://mamacat.co.kr/web/product/big/20200623/6a37e300a0fe5b4866dacb54cd0836b0.jpg",
        "가격정책": "최저마진",
        "유통기한": "2023.01.",
        "정상 소비자가": "1,600원",
        "마마캣 판매가": "1,400원",
        "원산지": "태국",
        "제조자 | 수입자": "Thai Union Manufacturing Co., Ltd. | 롯데네슬레코리아(주)",
        "사용 연령": "성묘용(12개월 이상)",
        "100g 가격": "3500원",
        "포장단위별 용량, 수량": "40g",
        "법에 의한 인증 및 허가": "사료관리법에 따른 수입신고를 필함",
        "원료구성": "고기육수,순살닭고기,토마토,생선추출물,당근,우유,변성타피오카전분,착색제,구아검,잔탄검,비타민E보조제,질산,티아민",
        "성분구성": "조단백질 7.0%이상, 조지방 0.05%이상, 조섬유 1.0%이하, 조회분 3.0%이하, 칼슘 0.001%이상, 인 0.01%이상, 수분 92.0% 이하",
        "현재 재고 수량": "13개",
        "소비자 상담 전화": "마마캣 고객센터 (1544-6141)"
    },
    {
        "id": 900,
        "name": "퓨리나 팬시피스트 로얄 브로스 파우치 순살 닭고기&토마토와 당근 in 크리미 고기 육수 40g × 16개",
        "image": "https://mamacat.co.kr/web/product/big/20200623/622745074f0178b35993121583998696.jpg",
        "가격정책": "최저마진",
        "유통기한": "2023.01.",
        "정상 소비자가": "25,600원",
        "마마캣 판매가": "20,800원",
        "원산지": "태국",
        "제조자 | 수입자": "Thai Union Manufacturing Co., Ltd. | 롯데네슬레코리아(주)",
        "사용 연령": "성묘용(12개월 이상)",
        "100g 가격": "3,250원",
        "포장단위별 용량, 수량": "40g × 16개",
        "법에 의한 인증 및 허가": "사료관리법에 따른 수입신고를 필함",
        "원료구성": "고기육수,순살닭고기,토마토,생선추출물,당근,우유,변성타피오카전분,착색제,구아검,잔탄검,비타민E보조제,질산,티아민",
        "성분구성": "조단백질 7.0%이상, 조지방 0.05%이상, 조섬유 1.0%이하, 조회분 3.0%이하, 칼슘 0.001%이상, 인 0.01%이상, 수분 92.0% 이하",
        "현재 재고 수량": "7개",
        "소비자 상담 전화": "마마캣 고객센터 (1544-6141)"
    },
    {
        "id": 901,
        "name": "퓨리나 팬시피스트 로얄 브로스 파우치 참치, 멸치&흰살생선 in 진한 생선 육수 40g",
        "image": "https://mamacat.co.kr/web/product/big/20200623/35a7413901d3a0f4a55cc9c883e866b3.jpg",
        "가격정책": "최저마진",
        "유통기한": "2023.01.",
        "정상 소비자가": "1,600원",
        "마마캣 판매가": "1,400원",
        "원산지": "태국",
        "제조자 | 수입자": "Thai Union Manufacturing Co., Ltd. | 롯데네슬레코리아(주)",
        "사용 연령": "성묘용(12개월 이상)",
        "100g 가격": "3500원",
        "포장단위별 용량, 수량": "40g",
        "법에 의한 인증 및 허가": "사료관리법에 따른 수입신고를 필함",
        "원료구성": "생선육수,침치,멸치,생선추출물,흰살생선,변성타피오카전분,밀전분,감자전분,설탕,소금,대두박,식물성오일,구아검,카라기난,비타민E보조제,달걀희자,향미제,착색제",
        "성분구성": "조단백질 7.0%이상, 조지방 0.05%이상, 조섬유 1.0%이하, 조회분 3.0%이하, 칼슘 0.01%이상, 인 0.01%이상, 수분 92.0%이하",
        "현재 재고 수량": "21개",
        "소비자 상담 전화": "마마캣 고객센터 (1544-6141)"
    },
    {
        "id": 902,
        "name": "퓨리나 팬시피스트 로얄 브로스 파우치 참치, 멸치&흰살생선 in 진한 생선 육수 40g × 16개",
        "image": "https://mamacat.co.kr/web/product/big/20200623/4b966d409651816f8a65d8257fa62976.jpg",
        "가격정책": "최저마진",
        "유통기한": "2023.01.",
        "정상 소비자가": "25,600원",
        "마마캣 판매가": "20,800원",
        "원산지": "태국",
        "제조자 | 수입자": "Thai Union Manufacturing Co., Ltd. | 롯데네슬레코리아(주)",
        "사용 연령": "성묘용(12개월 이상)",
        "100g 가격": "3,250원",
        "포장단위별 용량, 수량": "40g × 16개",
        "법에 의한 인증 및 허가": "사료관리법에 따른 수입신고를 필함",
        "원료구성": "생선육수,침치,멸치,생선추출물,흰살생선,변성타피오카전분,밀전분,감자전분,설탕,소금,대두박,식물성오일,구아검,카라기난,비타민E보조제,달걀희자,향미제,착색제",
        "성분구성": "조단백질 7.0%이상, 조지방 0.05%이상, 조섬유 1.0%이하, 조회분 3.0%이하, 칼슘 0.01%이상, 인 0.01%이상, 수분 92.0%이하",
        "현재 재고 수량": "6개",
        "소비자 상담 전화": "마마캣 고객센터 (1544-6141)"
    },
    {
        "id": 903,
        "name": "퓨리나 팬시피스트 로얄 브로스 파우치 참치,새우&흰살생선 in 진한 생선 육수 40g",
        "image": "https://mamacat.co.kr/web/product/big/20200623/e7f40b871a9451c9896228f3615c857a.jpg",
        "가격정책": "최저마진",
        "유통기한": "2022.08.",
        "정상 소비자가": "1,600원",
        "마마캣 판매가": "1,400원",
        "원산지": "태국",
        "제조자 | 수입자": "Thai Union Manufacturing Co., Ltd. | 롯데네슬레코리아(주)",
        "사용 연령": "성묘용(12개월 이상)",
        "100g 가격": "3500원",
        "포장단위별 용량, 수량": "40g",
        "법에 의한 인증 및 허가": "사료관리법에 따른 수입신고를 필함",
        "원료구성": "생선육수, 참치,새우,생선추출물 새우, 흰살생선, 타피오카전분,감자전분,밀전분,설탕,소금,대두박,식물성오일,구아검,카라기난,비타민E보조제,달걀흰자,향미제,착색제",
        "성분구성": "조단백질 7.0%이상, 조지방 0.05%이상, 조섬유 1.0%이하, 조회분 3.0%이하, 칼슘 0.001%이상, 인 0.01%이상, 수분 92.0%이하",
        "현재 재고 수량": "22개",
        "소비자 상담 전화": "마마캣 고객센터 (1544-6141)"
    },
    {
        "id": 904,
        "name": "퓨리나 팬시피스트 로얄 브로스 파우치 참치,새우&흰살생선 in 진한 생선 육수 40g × 16개",
        "image": "https://mamacat.co.kr/web/product/big/20200623/9aea68e8c110ad9caa3131aad81373ec.jpg",
        "가격정책": "최저마진",
        "유통기한": "2022.08.",
        "정상 소비자가": "25,600원",
        "마마캣 판매가": "20,800원",
        "원산지": "태국",
        "제조자 | 수입자": "Thai Union Manufacturing Co., Ltd. | 롯데네슬레코리아(주)",
        "사용 연령": "성묘용(12개월 이상)",
        "100g 가격": "3,250원",
        "포장단위별 용량, 수량": "40g × 16개",
        "법에 의한 인증 및 허가": "사료관리법에 따른 수입신고를 필함",
        "원료구성": "생선육수, 참치,새우,생선추출물 새우, 흰살생선, 타피오카전분,감자전분,밀전분,설탕,소금,대두박,식물성오일,구아검,카라기난,비타민E보조제,달걀흰자,향미제,착색제",
        "성분구성": "조단백질 7.0%이상, 조지방 0.05%이상, 조섬유 1.0%이하, 조회분 3.0%이하, 칼슘 0.001%이상, 인 0.01%이상, 수분 92.0%이하",
        "현재 재고 수량": "6개",
        "소비자 상담 전화": "마마캣 고객센터 (1544-6141)"
    },
    {
        "id": 905,
        "name": "퓨리나 팬시피스트 로얄 브로스 파우치 참치&토마토와 당근 in 크리미 생선 육수 40g",
        "image": "https://mamacat.co.kr/web/product/big/20200623/07d79319074e3e820e1bd8267618365f.jpg",
        "가격정책": "최저마진",
        "유통기한": "2022.01.",
        "정상 소비자가": "1,600원",
        "마마캣 판매가": "1,400원",
        "원산지": "태국",
        "제조자 | 수입자": "Thai Union Manufacturing Co., Ltd. | 롯데네슬레코리아(주)",
        "사용 연령": "성묘용(12개월 이상)",
        "100g 가격": "3500원",
        "포장단위별 용량, 수량": "40g",
        "법에 의한 인증 및 허가": "사료관리법에 따른 수입신고를 필함",
        "원료구성": "생선육수,토마토,당근,생선추출물,우유,변성타피오카 전분,착색제,구아검,진탄검,비타민E보조제",
        "성분구성": "조단백질 7.0%이상, 조지방 0.05%이상, 조섬유 1.0%이하, 조회분 3.0%이하, 칼슘 0.01%이상, 인 0.01%이상, 수분 92.0%이하",
        "현재 재고 수량": "3개",
        "소비자 상담 전화": "마마캣 고객센터 (1544-6141)"
    },
    {
        "id": 906,
        "name": "퓨리나 팬시피스트 로얄캔 3종 맛보기 85g × 3개",
        "image": "https://mamacat.co.kr/web/product/big/20200623/c3725a708119bb3b869f7d6f7d201935.jpg",
        "가격정책": "최저마진",
        "유통기한": "2022.02.",
        "정상 소비자가": "6,000원",
        "마마캣 판매가": "5,670원",
        "원산지": "태국",
        "제조자 | 수입자": "Thai Union Manufacturing Co., Ltd. | 롯데네슬레코리아(주)",
        "사용 연령": "12개월 이상 추천",
        "100g 가격": "1941원",
        "포장단위별 용량, 수량": "85g × 3개",
        "법에 의한 인증 및 허가": "사료관리법에 따른 수입신고를 필함",
        "원료구성": "각 상세페이지 참조",
        "성분구성": "각 상세페이지 참조",
        "현재 재고 수량": "3개",
        "소비자 상담 전화": "마마캣 고객센터 (1544-6141)"
    },
    {
        "id": 907,
        "name": "퓨리나 팬시피스트 로얄캔 3종 혼합 85g × 24개",
        "image": "https://mamacat.co.kr/web/product/big/20200623/1493c43e96ab239fadf47d9455850eee.jpg",
        "가격정책": "최저마진",
        "유통기한": "2022.02.",
        "정상 소비자가": "48,000원",
        "마마캣 판매가": "44,850원",
        "원산지": "태국",
        "제조자 | 수입자": "Thai Union Manufacturing Co., Ltd. | 롯데네슬레코리아(주)",
        "사용 연령": "12개월 이상 추천",
        "100g 가격": "1740원",
        "포장단위별 용량, 수량": "85g × 24개",
        "법에 의한 인증 및 허가": "사료관리법에 따른 수입신고를 필함",
        "원료구성": "각 상세페이지 참조",
        "성분구성": "각 상세페이지 참조",
        "현재 재고 수량": "2개",
        "소비자 상담 전화": "마마캣 고객센터 (1544-6141)"
    },
    {
        "id": 908,
        "name": "퓨리나 팬시피스트 로얄캔 참치 그레이비 소스 85g × 24개",
        "image": "https://mamacat.co.kr/web/product/big/20200623/e7c124f5038debb27bc5b099ccca9555.jpg",
        "가격정책": "최저마진",
        "유통기한": "2022.09.",
        "정상 소비자가": "48,000원",
        "마마캣 판매가": "44,850원",
        "원산지": "태국",
        "제조자 | 수입자": "Thai Union Manufacturing Co., Ltd. | 롯데네슬레코리아(주)",
        "사용 연령": "12개월 이상 추천",
        "100g 가격": "1740원",
        "포장단위별 용량, 수량": "85g × 24개",
        "법에 의한 인증 및 허가": "사료관리법에 따른 수입신고를 필함",
        "원료구성": "참치, 타피오카전분, 비타민 E",
        "성분구성": "조단백 14.0% 이상, 조지방 0.3% 이상, 조섬유 1.0% 이하, 조회분 3.0% 이하, 칼슘 0.01% 이상, 타우린 0.07% 이하",
        "현재 재고 수량": "3개",
        "소비자 상담 전화": "마마캣 고객센터 (1544-6141)"
    },
    {
        "id": 909,
        "name": "퓨리나 팬시피스트 로얄캔 참치 그레이비 소스 85g",
        "image": "https://mamacat.co.kr/web/product/big/20200401/dabd031ac6fc6e7baeecbd981c7d6160.jpg",
        "가격정책": "최저마진",
        "유통기한": "2022.09.",
        "정상 소비자가": "2,000원",
        "마마캣 판매가": "1,940원",
        "원산지": "태국",
        "제조자 | 수입자": "Thai Union Manufacturing Co., Ltd. | 롯데네슬레코리아(주)",
        "사용 연령": "12개월 이상 추천",
        "100g 가격": "1988원",
        "포장단위별 용량, 수량": "85g",
        "법에 의한 인증 및 허가": "사료관리법에 따른 수입신고를 필함",
        "원료구성": "참치, 타피오카전분, 비타민 E",
        "성분구성": "조단백 14.0% 이상, 조지방 0.3% 이상, 조섬유 1.0% 이하, 조회분 3.0% 이하, 칼슘 0.01% 이상, 타우린 0.07% 이하",
        "현재 재고 수량": "13개",
        "소비자 상담 전화": "마마캣 고객센터 (1544-6141)"
    },
    {
        "id": 910,
        "name": "퓨리나 팬시피스트 로얄캔 참치 젤리 소스 85g × 24개",
        "image": "https://mamacat.co.kr/web/product/big/20200623/1c569dede3ec458ba003c97b3b8e0d46.jpg",
        "가격정책": "최저마진",
        "유통기한": "2022.02.28.",
        "정상 소비자가": "48,000원",
        "마마캣 판매가": "44,850원",
        "원산지": "태국",
        "제조자 | 수입자": "Thai Union Manufacturing Co., Ltd. | 롯데네슬레코리아(주)",
        "사용 연령": "12개월 이상 추천",
        "100g 가격": "1740원",
        "포장단위별 용량, 수량": "85g × 24개",
        "법에 의한 인증 및 허가": "사료관리법에 따른 수입신고를 필함",
        "원료구성": "참치, 젤리, 비타민 E",
        "성분구성": "조단백질 12.0%이상, 조지방 0.3%이상, 조섬유 1.0%이하, 조회분 3.0%이하, 칼슘 0.01%이상, 타우린 0.07%이하",
        "현재 재고 수량": "3개",
        "소비자 상담 전화": "마마캣 고객센터 (1544-6141)"
    },
    {
        "id": 911,
        "name": "퓨리나 팬시피스트 로얄캔 참치 젤리 소스 85g",
        "image": "https://mamacat.co.kr/web/product/big/20200401/32a97a0bd0c144d58d80770455d10743.jpg",
        "가격정책": "최저마진",
        "유통기한": "2022.02.28.",
        "정상 소비자가": "2,000원",
        "마마캣 판매가": "1,940원",
        "원산지": "태국",
        "제조자 | 수입자": "Thai Union Manufacturing Co., Ltd. | 롯데네슬레코리아(주)",
        "사용 연령": "12개월 이상 추천",
        "100g 가격": "1988원",
        "포장단위별 용량, 수량": "85g",
        "법에 의한 인증 및 허가": "사료관리법에 따른 수입신고를 필함",
        "원료구성": "참치, 젤리, 비타민 E",
        "성분구성": "조단백질 12.0%이상, 조지방 0.3%이상, 조섬유 1.0%이하, 조회분 3.0%이하, 칼슘 0.01%이상, 타우린 0.07%이하",
        "현재 재고 수량": "28개",
        "소비자 상담 전화": "마마캣 고객센터 (1544-6141)"
    },
    {
        "id": 912,
        "name": "퓨리나 팬시피스트 로얄캔 참치 흰살생선과 게살 젤리 소스 85g × 24개",
        "image": "https://mamacat.co.kr/web/product/big/20200623/e21251674873c7b8b8560442c8cf8ad7.jpg",
        "가격정책": "최저마진",
        "유통기한": "2022.02.07.",
        "정상 소비자가": "48,000원",
        "마마캣 판매가": "44,850원",
        "원산지": "태국",
        "제조자 | 수입자": "Thai Union Manufacturing Co., Ltd. | 롯데네슬레코리아(주)",
        "사용 연령": "12개월 이상 추천",
        "100g 가격": "1740원",
        "포장단위별 용량, 수량": "85g × 24개",
        "법에 의한 인증 및 허가": "사료관리법에 따른 수입신고를 필함",
        "원료구성": "참치, 게맛살, 젤리, 비타민E",
        "성분구성": "조단백질 11.0%이상, 조지방 0.2%이상, 조섬유 1.0%이하, 조회분 3.0%이하, 칼슘 0.01%이상",
        "현재 재고 수량": "3개",
        "소비자 상담 전화": "마마캣 고객센터 (1544-6141)"
    },
    {
        "id": 913,
        "name": "퓨리나 팬시피스트 로얄캔 참치 흰살생선과 게살 젤리 소스 85g",
        "image": "https://mamacat.co.kr/web/product/big/20200401/274865a98ea7cb2cf3894f52b373bfcf.jpg",
        "가격정책": "최저마진",
        "유통기한": "2022.02.07.",
        "정상 소비자가": "2,000원",
        "마마캣 판매가": "1,940원",
        "원산지": "태국",
        "제조자 | 수입자": "Thai Union Manufacturing Co., Ltd. | 롯데네슬레코리아(주)",
        "사용 연령": "12개월 이상 추천",
        "100g 가격": "1988원",
        "포장단위별 용량, 수량": "85g",
        "법에 의한 인증 및 허가": "사료관리법에 따른 수입신고를 필함",
        "원료구성": "참치, 게맛살, 젤리, 비타민E",
        "성분구성": "조단백질 11.0%이상, 조지방 0.2%이상, 조섬유 1.0%이하, 조회분 3.0%이하, 칼슘 0.01%이상",
        "현재 재고 수량": "21개",
        "소비자 상담 전화": "마마캣 고객센터 (1544-6141)"
    },
    {
        "id": 914,
        "name": "퓨리나 팬시피스트 캣 메들리 주식캔 투스카니 칠면조 85g × 24개",
        "image": "https://mamacat.co.kr/web/product/big/20200122/7f11920c1d1ce0ab220851893888d024.jpg",
        "가격정책": "최저마진",
        "유통기한": "2022.07.",
        "정상 소비자가": "48,000원",
        "마마캣 판매가": "26,900원",
        "원산지": "미국",
        "제조자 | 수입자": "Nestle Purina PetCare Company | (주)롯데네슬레코리아",
        "사용 연령": "3개월 이상 추천",
        "100g 가격": "1,319원",
        "포장단위별 용량, 수량": "85g × 24개",
        "법에 의한 인증 및 허가": "사료관리법에 따른 수입신고를 필함",
        "원료구성": "가금육즙, 칠면조, 밀글루텐, 간, 쌀, 시금치, 비타민, 미네랄, 타우린 등",
        "성분구성": "조단백 10.0% 이상, 조지방 2.0% 이상, 조섬유 1.5% 이하, 조회분 3.0% 이하, 칼슘 0.18% 이상, 인 1.6% 이하",
        "현재 재고 수량": "4개",
        "소비자 상담 전화": "마마캣 고객센터 (1544-6141)"
    },
    {
        "id": 915,
        "name": "퓨리나 팬시피스트 캣 메들리 주식캔 투스카니 칠면조 85g",
        "image": "https://mamacat.co.kr/web/product/big/20200122/eb64a87569e99a6243df1171bd0be12b.jpg",
        "가격정책": "최저마진",
        "유통기한": "2022.07.",
        "정상 소비자가": "2,000원",
        "마마캣 판매가": "1,500원",
        "원산지": "미국",
        "제조자 | 수입자": "Nestle Purina PetCare Company | (주)롯데네슬레코리아",
        "사용 연령": "3개월 이상 추천",
        "100g 가격": "1,765원",
        "포장단위별 용량, 수량": "85g",
        "법에 의한 인증 및 허가": "사료관리법에 따른 수입신고를 필함",
        "현재 재고 수량": "48개",
        "소비자 상담 전화": "마마캣 고객센터 (1544-6141)"
    },
    {
        "id": 916,
        "name": "퓨리나 팬시피스트 캣 메들리 주식캔 프리마베라 연어 85g",
        "image": "https://mamacat.co.kr/web/product/big/20200122/78c1046472533b893d2b069244d9a882.jpg",
        "가격정책": "최저마진",
        "유통기한": "2022.10.",
        "정상 소비자가": "2,000원",
        "마마캣 판매가": "1,500원",
        "원산지": "미국",
        "제조자 | 수입자": "Nestle Purina PetCare Company | (주)롯데네슬레코리아",
        "사용 연령": "3개월 이상 추천",
        "100g 가격": "1,765원",
        "포장단위별 용량, 수량": "85g",
        "법에 의한 인증 및 허가": "사료관리법에 따른 수입신고를 필함",
        "원료구성": "연어, 간, 생선육수, 칠면조, 흰살생선, 토마토, 당근, 시금치, 육가공물, 옥수수변성전분, 비타민 및 미네랄, 타우린 등",
        "성분구성": "조단백 10.0% 이상, 조지방 4.0% 이상, 조섬유 1.5% 이하, 조회분 3.5% 이하, 칼슘 0.18% 이상, 인 0.15% 이상, 수분 78.0% 이하",
        "현재 재고 수량": "33개",
        "소비자 상담 전화": "마마캣 고객센터 (1544-6141)"
    },
    {
        "id": 917,
        "name": "퓨리나 팬시피스트 캣 메들리파테 주식캔 플로렌틴 닭고기&치즈 85g",
        "image": "https://mamacat.co.kr/web/product/big/20200122/fae26684bb920fb706ad8b8fea7ca7bb.jpg",
        "가격정책": "최저마진",
        "유통기한": "2022.10.",
        "정상 소비자가": "2,000원",
        "마마캣 판매가": "1,500원",
        "원산지": "미국",
        "제조자 | 수입자": "Nestle Purina PetCare Company | (주)롯데네슬레코리아",
        "사용 연령": "전연령(3개월이상)",
        "100g 가격": "1,765원",
        "포장단위별 용량, 수량": "85g",
        "법에 의한 인증 및 허가": "사료관리법에 따른 수입신고를 필함",
        "원료구성": "닭고기,간,육가공물,닭고기육수,흰살생선,치즈,시금치,비타민,미네랄,타우린 등",
        "성분구성": "조단백 10.5% 이상, 조지방 5.0% 이상, 조섬유 1.5% 이하, 조회분 3.75% 이하, 칼슘 0.18% 이상, 인 0.15% 이하,수분78%이하",
        "현재 재고 수량": "1개",
        "소비자 상담 전화": "마마캣 고객센터 (1544-6141)"
    },
    {
        "id": 918,
        "name": "퓨리나 팬시피스트 캣 무스타입 어린고양이 주식캔 키튼 2종 맛보기 85g × 2개",
        "image": "https://mamacat.co.kr/web/product/big/20200122/b7580d49d19c20dbe73be103158c9e7d.jpg",
        "가격정책": "최저마진",
        "유통기한": "각 제품의 상세페이지 참고",
        "정상 소비자가": "3,000원",
        "마마캣 판매가": "2,200원",
        "원산지": "미국",
        "제조자 | 수입자": "Nestle Purina PetCare Company | (주)롯데네슬레코리아",
        "사용 연령": "3개월 이상 추천",
        "100g 가격": "1,294원",
        "포장단위별 용량, 수량": "85g × 2개",
        "법에 의한 인증 및 허가": "사료관리법에 따른 수입신고를 필함",
        "원료구성": "각 상세페이지 참조",
        "성분구성": "각 상세페이지 참조",
        "현재 재고 수량": "24개",
        "소비자 상담 전화": "마마캣 고객센터 (1544-6141)"
    },
    {
        "id": 919,
        "name": "퓨리나 팬시피스트 캣 무스타입 어린고양이 주식캔 키튼 2종 혼합 85g × 24개",
        "image": "https://mamacat.co.kr/web/product/big/20200122/6566b601d92cec2369930de6a2d4f935.jpg",
        "가격정책": "최저마진",
        "유통기한": "각 제품의 상세페이지 참고",
        "정상 소비자가": "36,000원",
        "마마캣 판매가": "26,400원",
        "원산지": "미국",
        "제조자 | 수입자": "Nestle Purina PetCare Company | (주)롯데네슬레코리아",
        "사용 연령": "자묘용 (12개월 이하)",
        "100g 가격": "1,294원",
        "포장단위별 용량, 수량": "85g × 24개",
        "법에 의한 인증 및 허가": "사료관리법에 따른 수입신고를 필함",
        "원료구성": "각 상세페이지 참조",
        "성분구성": "각 상세페이지 참조",
        "현재 재고 수량": "9개",
        "소비자 상담 전화": "마마캣 고객센터 (1544-6141)"
    },
    {
        "id": 920,
        "name": "퓨리나 팬시피스트 캣 무스타입 어린고양이 주식캔 키튼 칠면조 85g × 24개",
        "image": "https://mamacat.co.kr/web/product/big/20200122/63dbb75ff9aba1a807e87d17ecf9dc89.jpg",
        "가격정책": "최저마진",
        "유통기한": "2022.11.",
        "정상 소비자가": "36,000원",
        "마마캣 판매가": "26,400원",
        "원산지": "미국",
        "제조자 | 수입자": "Nestle Purina PetCare Company | (주)롯데네슬레코리아",
        "사용 연령": "자묘용 (12개월 이하)",
        "100g 가격": "1,294원",
        "포장단위별 용량, 수량": "85g × 24개",
        "법에 의한 인증 및 허가": "사료관리법에 따른 수입신고를 필함",
        "원료구성": "칠면조, 간, 육가공물, 가금육수, 우유, 달걀, 비타민, 미네랄, 타우린 등",
        "성분구성": "조단백 11.0% 이상, 조지방 6.0% 이상, 조섬유 1.5% 이하, 조회분 3.5% 이하, 칼슘 0.3% 이상, 인 1.6% 이하",
        "현재 재고 수량": "11개",
        "소비자 상담 전화": "마마캣 고객센터 (1544-6141)"
    },
    {
        "id": 921,
        "name": "퓨리나 팬시피스트 캣 무스타입 어린고양이 주식캔 키튼 칠면조 85g",
        "image": "https://mamacat.co.kr/web/product/big/20200122/0a37aa2adec0ed75809f9fc604ecc6d1.jpg",
        "가격정책": "최저마진",
        "유통기한": "2022.11.",
        "정상 소비자가": "1,500원",
        "마마캣 판매가": "1,100원",
        "원산지": "미국",
        "제조자 | 수입자": "Nestle Purina PetCare Company | (주)롯데네슬레코리아",
        "사용 연령": "자묘용 (12개월 이하)",
        "100g 가격": "1,294원",
        "포장단위별 용량, 수량": "85g",
        "법에 의한 인증 및 허가": "사료관리법에 따른 수입신고를 필함",
        "원료구성": "칠면조, 간, 육가공물, 가금육수, 우유, 달걀, 비타민, 미네랄, 타우린 등",
        "성분구성": "조단백 11.0% 이상, 조지방 6.0% 이상, 조섬유 1.5% 이하, 조회분 3.5% 이하, 칼슘 0.3% 이상, 인 1.6% 이하",
        "현재 재고 수량": "33개",
        "소비자 상담 전화": "마마캣 고객센터 (1544-6141)"
    },
    {
        "id": 922,
        "name": "퓨리나 팬시피스트 캣 무스타입 어린고양이 주식캔 키튼 흰살생선 85g",
        "image": "https://mamacat.co.kr/web/product/big/20200122/d04f717ebde1c7a29a03e2eb916c7296.jpg",
        "가격정책": "최저마진",
        "유통기한": "2022.09.",
        "정상 소비자가": "1,500원",
        "마마캣 판매가": "1,100원",
        "원산지": "미국",
        "제조자 | 수입자": "Nestle Purina PetCare Company | (주)롯데네슬레코리아",
        "사용 연령": "자묘용 (12개월 이하)",
        "100g 가격": "1,294원",
        "포장단위별 용량, 수량": "85g",
        "법에 의한 인증 및 허가": "사료관리법에 따른 수입신고를 필함",
        "원료구성": "흰살생선, 간, 생선, 육가공물, 생선육수, 참치, 비타민, 미네랄, 타우린 등",
        "성분구성": "조단백질 12%이상, 조지방 2%이상, 조섬유 1.5%이하, 조회분 3.7%이하, 칼슘 0.18%이상, 인 1.6%이하",
        "현재 재고 수량": "31개",
        "소비자 상담 전화": "마마캣 고객센터 (1544-6141)"
    },
    {
        "id": 923,
        "name": "퓨리나 팬시피스트 캣 인스퍼레이션 주식파우치 소고기 애호박&토마토 파우치 70g",
        "image": "https://mamacat.co.kr/web/product/big/sejun2523_7054.jpg",
        "가격정책": "최저마진",
        "유통기한": "2023.01.",
        "정상 소비자가": "1,800원",
        "마마캣 판매가": "1,590원",
        "원산지": "미국",
        "제조자 | 수입자": "Nestle Purina PetCare Company | (주)롯데네슬레코리아",
        "사용 연령": "5개월 이상 추천",
        "100g 가격": "2,271원",
        "포장단위별 용량, 수량": "70g",
        "법에 의한 인증 및 허가": "사료관리법에 따른 수입신고를 필함",
        "원료구성": "육류 및 육가공물 (가금류, 소고기, 양고기), 곡물 및 야채, 생선, 비타민 및 미네랄",
        "성분구성": "조단백질 12%이상, 조지방 2.8%이상, 조섬유소 0.7%이하, 조회분 3%이하, 칼슘 0.2%이상, 인 0.17%이상, 수분 80%이하",
        "현재 재고 수량": "30개",
        "소비자 상담 전화": "마마캣 고객센터 (1544-6141)"
    },
    {
        "id": 924,
        "name": "퓨리나 팬시피스트 캣 인스퍼레이션 주식파우치 소고기 애호박&토마토 파우치 70g × 12개",
        "image": "https://mamacat.co.kr/web/product/big/201704/7059_shop1_591401.jpg",
        "가격정책": "최저마진",
        "유통기한": "2023.01.",
        "정상 소비자가": "21,600원",
        "마마캣 판매가": "15,600원",
        "원산지": "미국",
        "제조자 | 수입자": "Nestle Purina PetCare Company | (주)롯데네슬레코리아",
        "사용 연령": "5개월 이상 추천",
        "100g 가격": "1,665원",
        "포장단위별 용량, 수량": "70g × 12개",
        "법에 의한 인증 및 허가": "사료관리법에 따른 수입신고를 필함",
        "원료구성": "육류 및 육가공물 (가금류, 소고기, 양고기), 곡물 및 야채, 생선, 비타민 및 미네랄",
        "성분구성": "조단백질 12%이상, 조지방 2.8%이상, 조섬유소 0.7%이하, 조회분 3%이하, 칼슘 0.2%이상, 인 0.17%이상, 수분 80%이하",
        "현재 재고 수량": "28개",
        "소비자 상담 전화": "마마캣 고객센터 (1544-6141)"
    },
    {
        "id": 925,
        "name": "퓨리나 팬시피스트 캣 인스퍼레이션 주식파우치 연어 시금치, 애호박&녹색콩 파우치 70g",
        "image": "https://mamacat.co.kr/web/product/big/sejun2523_7055.jpg",
        "가격정책": "최저마진",
        "유통기한": "2023.02.",
        "정상 소비자가": "1,800원",
        "마마캣 판매가": "1,590원",
        "원산지": "미국",
        "제조자 | 수입자": "Nestle Purina PetCare Company | (주)롯데네슬레코리아",
        "사용 연령": "5개월 이상 추천",
        "100g 가격": "2,271원",
        "포장단위별 용량, 수량": "70g",
        "법에 의한 인증 및 허가": "사료관리법에 따른 수입신고를 필함",
        "원료구성": "육류 및 육가공물 (가금류, 소고기, 양고기), 곡물 및 야채, 생선 (연어 포함), 비타민 및 미네랄",
        "성분구성": "조단백질 12%이상, 조지방 2.8%이상, 조섬유소 0.7%이하, 조회분 3%이하, 칼슘 0.2%이상, 인 0.17%이상, 수분 80%이하",
        "현재 재고 수량": "22개",
        "소비자 상담 전화": "마마캣 고객센터 (1544-6141)"
    },
    {
        "id": 926,
        "name": "퓨리나 팬시피스트 캣 인스퍼레이션 주식파우치 연어 시금치, 애호박&녹색콩 파우치 70g × 12개",
        "image": "https://mamacat.co.kr/web/product/big/201704/7060_shop1_957356.jpg",
        "가격정책": "최저마진",
        "유통기한": "2023.02.",
        "정상 소비자가": "21,600원",
        "마마캣 판매가": "15,600원",
        "원산지": "미국",
        "제조자 | 수입자": "Nestle Purina PetCare Company | (주)롯데네슬레코리아",
        "사용 연령": "5개월 이상 추천",
        "100g 가격": "1,665원",
        "포장단위별 용량, 수량": "70g × 12개",
        "법에 의한 인증 및 허가": "사료관리법에 따른 수입신고를 필함",
        "원료구성": "육류 및 육가공물 (가금류, 소고기, 양고기), 곡물 및 야채, 생선 (연어 포함), 비타민 및 미네랄",
        "성분구성": "조단백질 12%이상, 조지방 2.8%이상, 조섬유소 0.7%이하, 조회분 3%이하, 칼슘 0.2%이상, 인 0.17%이상, 수분 80%이하",
        "현재 재고 수량": "18개",
        "소비자 상담 전화": "마마캣 고객센터 (1544-6141)"
    },
    {
        "id": 927,
        "name": "퓨리나 팬시피스트 캣 인스퍼레이션 주식파우치 참치 애호박&통곡물 파우치 70g",
        "image": "https://mamacat.co.kr/web/product/big/sejun2523_7056.jpg",
        "가격정책": "최저마진",
        "유통기한": "2023.02.",
        "정상 소비자가": "1,800원",
        "마마캣 판매가": "1,590원",
        "원산지": "미국",
        "제조자 | 수입자": "Nestle Purina PetCare Company | (주)롯데네슬레코리아",
        "사용 연령": "5개월 이상 추천",
        "100g 가격": "2,271원",
        "포장단위별 용량, 수량": "70g",
        "법에 의한 인증 및 허가": "사료관리법에 따른 수입신고를 필함",
        "원료구성": "육류 및 육가공물 (가금류, 소고기, 양고기), 곡물 및 야채, 생선(참치 포함), 비타민 및 미네랄",
        "성분구성": "조단백질 12%이상, 조지방 2.8%이상, 조섬유소 0.7%이하, 조회분 3%이하, 칼슘 0.2%이상, 인 0.17%이상, 수분 80%이하",
        "현재 재고 수량": "19개",
        "소비자 상담 전화": "마마캣 고객센터 (1544-6141)"
    },
    {
        "id": 928,
        "name": "퓨리나 팬시피스트 캣 인스퍼레이션 주식파우치 치킨 파스타&시금치 파우치 70g",
        "image": "https://mamacat.co.kr/web/product/big/sejun2523_7057.jpg",
        "가격정책": "최저마진",
        "유통기한": "2023.02.",
        "정상 소비자가": "1,800원",
        "마마캣 판매가": "1,590원",
        "원산지": "미국",
        "제조자 | 수입자": "Nestle Purina PetCare Company | (주)롯데네슬레코리아",
        "사용 연령": "5개월 이상 추천",
        "100g 가격": "2,271원",
        "포장단위별 용량, 수량": "70g",
        "법에 의한 인증 및 허가": "사료관리법에 따른 수입신고를 필함",
        "원료구성": "육류 및 육가공물 (가금류, 소고기, 양고기), 곡물 및 야채, 비타민 및 미네랄",
        "성분구성": "조단백질 12%이상, 조지방 2.8%이상, 조섬유소 0.7%이하, 조회분 3%이하, 칼슘 0.2%이상, 인 0.17%이상, 수분 80%이하",
        "현재 재고 수량": "91개",
        "소비자 상담 전화": "마마캣 고객센터 (1544-6141)"
    },
    {
        "id": 929,
        "name": "퓨리나 팬시피스트 캣 인스퍼레이션 주식파우치 치킨 파스타&시금치 파우치 70g × 12개",
        "image": "https://mamacat.co.kr/web/product/big/201704/7062_shop1_131109.jpg",
        "가격정책": "최저마진",
        "유통기한": "2023.02.",
        "정상 소비자가": "21,600원",
        "마마캣 판매가": "15,600원",
        "원산지": "미국",
        "제조자 | 수입자": "Nestle Purina PetCare Company | (주)롯데네슬레코리아",
        "사용 연령": "5개월 이상 추천",
        "100g 가격": "1,665원",
        "포장단위별 용량, 수량": "70g × 12개",
        "법에 의한 인증 및 허가": "사료관리법에 따른 수입신고를 필함",
        "원료구성": "육류 및 육가공물 (가금류, 소고기, 양고기), 곡물 및 야채, 비타민 및 미네랄",
        "성분구성": "조단백질 12%이상, 조지방 2.8%이상, 조섬유소 0.7%이하, 조회분 3%이하, 칼슘 0.2%이상, 인 0.17%이상, 수분 80%이하",
        "현재 재고 수량": "19개",
        "소비자 상담 전화": "마마캣 고객센터 (1544-6141)"
    },
    {
        "id": 930,
        "name": "퓨리나 팬시피스트 캣 화이트라벨 그릴타입 주식캔 그릴 연어 85g × 24개",
        "image": "https://mamacat.co.kr/web/product/big/20200114/494532b4bae5a149338c16a3d9440f64.jpg",
        "가격정책": "최저마진",
        "유통기한": "2022.09.",
        "정상 소비자가": "36,000원",
        "마마캣 판매가": "26,400원",
        "원산지": "미국",
        "제조자 | 수입자": "Nestle Purina PetCare Company | (주)롯데네슬코리아",
        "사용 연령": "전연령(3개월이상)",
        "100g 가격": "1,294원",
        "포장단위별 용량, 수량": "85g × 24개",
        "법에 의한 인증 및 허가": "사료관리법에 따른 수입신고를 필함",
        "원료구성": "생선육수,연어,밀글루텐,간,닭고기,육가공믈,옥수수변성전분,합성및천연향미제,옥수수오일,비타민,미네랄 및 아미노산 합제,대두단백농축물,식용색소",
        "성분구성": "조단백질 11%이상,조지방2%이상,조섬유1.5%이하, 조회분2.7%이하, 칼슘 0.18%이상,인0.15%이상,수분80%이하",
        "현재 재고 수량": "4개",
        "소비자 상담 전화": "마마캣 고객센터 (1544-6141)"
    },
    {
        "id": 931,
        "name": "퓨리나 팬시피스트 캣 화이트라벨 그릴타입 주식캔 그릴 연어 85g",
        "image": "https://mamacat.co.kr/web/product/big/20200114/97c7226a1d7e0514bba62ab7676bf08c.jpg",
        "가격정책": "최저마진",
        "유통기한": "2022.09.",
        "정상 소비자가": "1,500원",
        "마마캣 판매가": "1,100원",
        "원산지": "미국",
        "제조자 | 수입자": "Nestle Purina PetCare Company | (주)롯데네슬코리아",
        "사용 연령": "전연령(3개월이상)",
        "100g 가격": "1,294원",
        "포장단위별 용량, 수량": "85g",
        "법에 의한 인증 및 허가": "사료관리법에 따른 수입신고를 필함",
        "원료구성": "생선육수,연어,밀글루텐,간,닭고기,육가공믈,옥수수변성전분,합성및천연향미제,옥수수오일,비타민,미네랄 및 아미노산 합제,대두단백농축물,식용색소",
        "성분구성": "조단백질 11%이상,조지방2%이상,조섬유1.5%이하, 조회분2.7%이하, 칼슘 0.18%이상,인0.15%이상,수분80%이하",
        "현재 재고 수량": "28개",
        "소비자 상담 전화": "마마캣 고객센터 (1544-6141)"
    },
    {
        "id": 932,
        "name": "퓨리나 팬시피스트 캣 화이트라벨 그릴타입 주식캔 그릴 참치와 흰살생선 85g",
        "image": "https://mamacat.co.kr/web/product/big/20200114/4962a2555d5662f03f8db17b38d9aadc.jpg",
        "가격정책": "최저마진",
        "유통기한": "2022.12.",
        "정상 소비자가": "1,500원",
        "마마캣 판매가": "1,100원",
        "원산지": "미국",
        "제조자 | 수입자": "Nestle Purina PetCare Company | (주)롯데네슬코리아",
        "사용 연령": "전연령(3개월이상)",
        "100g 가격": "1,294원",
        "포장단위별 용량, 수량": "85g",
        "법에 의한 인증 및 허가": "사료관리법에 따른 수입신고를 필함",
        "원료구성": "생선육수,참치,밀글루텐,간,닭고기,육가공믈,옥수수변성전분,합성및천연향미제,옥수수오일,비타민,미네랄 및 아미노산 합제,대두단백농축물,식용색소",
        "성분구성": "조단백질 11%이상,조지방2%이상,조섬유1.5%이하, 조회분2.7%이하, 칼슘 0.18%이상,인0.15%이상,수분80%이하",
        "현재 재고 수량": "품절",
        "소비자 상담 전화": "마마캣 고객센터 (1544-6141)"
    },
    {
        "id": 933,
        "name": "퓨리나 팬시피스트 캣 화이트라벨 그릴타입 주식캔 그릴 참치와 흰살생선 85g × 24개",
        "image": "https://mamacat.co.kr/web/product/big/20200114/1755019873c5761d629ac51b932910b8.jpg",
        "가격정책": "최저마진",
        "유통기한": "2022.12.",
        "정상 소비자가": "36,000원",
        "마마캣 판매가": "26,400원",
        "원산지": "미국",
        "제조자 | 수입자": "Nestle Purina PetCare Company | (주)롯데네슬코리아",
        "사용 연령": "전연령(3개월이상)",
        "100g 가격": "1,294원",
        "포장단위별 용량, 수량": "85g × 24개",
        "법에 의한 인증 및 허가": "사료관리법에 따른 수입신고를 필함",
        "원료구성": "생선육수,참치,밀글루텐,간,닭고기,육가공믈,옥수수변성전분,합성및천연향미제,옥수수오일,비타민,미네랄 및 아미노산 합제,대두단백농축물,식용색소",
        "성분구성": "조단백질 11%이상,조지방2%이상,조섬유1.5%이하, 조회분2.7%이하, 칼슘 0.18%이상,인0.15%이상,수분80%이하",
        "현재 재고 수량": "품절",
        "소비자 상담 전화": "마마캣 고객센터 (1544-6141)"
    },
    {
        "id": 934,
        "name": "퓨리나 팬시피스트 캣 화이트라벨 그릴타입 주식캔 그릴 칠면조&지블릿 85g × 24개",
        "image": "https://mamacat.co.kr/web/product/big/20200114/20482215cf3bfd67dbfa8340cd432341.jpg",
        "가격정책": "최저마진",
        "유통기한": "2022.11.",
        "정상 소비자가": "36,000원",
        "마마캣 판매가": "26,400원",
        "원산지": "미국",
        "제조자 | 수입자": "Nestle Purina PetCare Company | (주)롯데네슬코리아",
        "사용 연령": "전연령(3개월이상)",
        "100g 가격": "1,294원",
        "포장단위별 용량, 수량": "85g × 24개",
        "법에 의한 인증 및 허가": "사료관리법에 따른 수입신고를 필함",
        "원료구성": "생선육수,칠면조,밀글루텐,간,닭고기,육가공믈,옥수수변성전분,합성및천연향미제,옥수수오일,비타민,미네랄 및 아미노산 합제,대두단백농축물,식용색소",
        "성분구성": "조단백질 11%이상,조지방2%이상,조섬유1.5%이하, 조회분2.7%이하, 칼슘 0.18%이상,인0.15%이상,수분80%이하",
        "현재 재고 수량": "5개",
        "소비자 상담 전화": "마마캣 고객센터 (1544-6141)"
    },
    {
        "id": 935,
        "name": "퓨리나 팬시피스트 캣 화이트라벨 그릴타입 주식캔 그릴 칠면조&지블릿 85g",
        "image": "https://mamacat.co.kr/web/product/big/20200114/b34ce246fa63318412fa2c51545ecbdc.jpg",
        "가격정책": "최저마진",
        "유통기한": "2022.11.",
        "정상 소비자가": "1,500원",
        "마마캣 판매가": "1,100원",
        "원산지": "미국",
        "제조자 | 수입자": "Nestle Purina PetCare Company | (주)롯데네슬코리아",
        "사용 연령": "전연령(3개월이상)",
        "100g 가격": "1,294원",
        "포장단위별 용량, 수량": "85g",
        "법에 의한 인증 및 허가": "사료관리법에 따른 수입신고를 필함",
        "원료구성": "생선육수,칠면조,밀글루텐,간,닭고기,육가공믈,옥수수변성전분,합성및천연향미제,옥수수오일,비타민,미네랄 및 아미노산 합제,대두단백농축물,식용색소",
        "성분구성": "조단백질 11%이상,조지방2%이상,조섬유1.5%이하, 조회분2.7%이하, 칼슘 0.18%이상,인0.15%이상,수분80%이하",
        "현재 재고 수량": "32개",
        "소비자 상담 전화": "마마캣 고객센터 (1544-6141)"
    },
    {
        "id": 936,
        "name": "퓨리나 팬시피스트 캣 화이트라벨 무스타입 주식캔 참치&흰살생선 85g",
        "image": "https://mamacat.co.kr/web/product/big/20200122/4ee5a3a2ae52bb8043c08041c435d42e.jpg",
        "가격정책": "최저마진",
        "유통기한": "2023.01.",
        "정상 소비자가": "1,500원",
        "마마캣 판매가": "1,100원",
        "원산지": "미국",
        "제조자 | 수입자": "Nestle Purina PetCare Company | (주)롯데네슬레코리아",
        "사용 연령": "3개월 이상 추천",
        "100g 가격": "1,294원",
        "포장단위별 용량, 수량": "85g",
        "법에 의한 인증 및 허가": "사료관리법에 따른 수입신고를 필함",
        "원료구성": "흰살생선, 간, 생선, 육가공물, 생선육수, 참치, 비타민, 미네랄, 타우린 등",
        "성분구성": "조단백 12%이상, 조지방 2.0%이상, 조섬유 1.5%이하, 조회분 3.7%이하, 칼슘 0.18%이상, 인 0.15%이하",
        "현재 재고 수량": "품절",
        "소비자 상담 전화": "마마캣 고객센터 (1544-6141)"
    },
    {
        "id": 937,
        "name": "퓨리나 팬시피스트 캣 화이트라벨 무스타입 주식캔 치킨하트앤리버 85g",
        "image": "https://mamacat.co.kr/web/product/big/20200122/4249c947b3a446164c44293a5df8a489.jpg",
        "가격정책": "최저마진",
        "유통기한": "2022.12.",
        "정상 소비자가": "1,500원",
        "마마캣 판매가": "1,100원",
        "원산지": "미국",
        "제조자 | 수입자": "Nestle Purina PetCare Company | (주)롯데네슬레코리아",
        "사용 연령": "3개월 이상 추천",
        "100g 가격": "1,294원",
        "포장단위별 용량, 수량": "85g",
        "법에 의한 인증 및 허가": "사료관리법에 따른 수입신고를 필함",
        "원료구성": "가금육수, 닭고기, 밀글루텐, 닭염통, 간, 육가공물, 비타민, 미네랄, 타우린 등",
        "성분구성": "조단백 11%이상, 조지방 2.0%이상, 조섬유 1.5%이하, 조회분 2.7%이하, 칼슘 0.18%이상, 인 0.15%이하",
        "현재 재고 수량": "25개",
        "소비자 상담 전화": "마마캣 고객센터 (1544-6141)"
    },
    {
        "id": 938,
        "name": "퓨리나 팬시피스트 캣 화이트라벨 무스타입 주식캔 칠면조 85g × 24개",
        "image": "https://mamacat.co.kr/web/product/big/20200122/7517ad0756f2a01092b43a4648b81aef.jpg",
        "가격정책": "최저마진",
        "유통기한": "2022.09.",
        "정상 소비자가": "36,000원",
        "마마캣 판매가": "26,400원",
        "원산지": "미국",
        "제조자 | 수입자": "Nestle Purina PetCare Company | (주)롯데네슬레코리아",
        "사용 연령": "3개월 이상 추천",
        "100g 가격": "1,294원",
        "포장단위별 용량, 수량": "85g × 24개",
        "법에 의한 인증 및 허가": "사료관리법에 따른 수입신고를 필함",
        "원료구성": "가금육수, 칠면조, 간, 육가공물, 밀글루텐, 비타민, 미네랄, 타우린 등",
        "성분구성": "조단백 11%이상, 조지방 2.0%이상, 조섬유 1.5%이하, 조회분 2.7%이하, 칼슘 0.18%이상, 인 0.15%이하",
        "현재 재고 수량": "5개",
        "소비자 상담 전화": "마마캣 고객센터 (1544-6141)"
    },
    {
        "id": 939,
        "name": "퓨리나 팬시피스트 캣 화이트라벨 무스타입 주식캔 칠면조 85g",
        "image": "https://mamacat.co.kr/web/product/big/20200122/e7e34b09ea489addd7cd611d297eb353.jpg",
        "가격정책": "최저마진",
        "유통기한": "2022.09.",
        "정상 소비자가": "1,500원",
        "마마캣 판매가": "1,100원",
        "원산지": "미국",
        "제조자 | 수입자": "Nestle Purina PetCare Company | (주)롯데네슬레코리아",
        "사용 연령": "3개월 이상 추천",
        "100g 가격": "1,294원",
        "포장단위별 용량, 수량": "85g",
        "법에 의한 인증 및 허가": "사료관리법에 따른 수입신고를 필함",
        "원료구성": "가금육수, 칠면조, 간, 육가공물, 밀글루텐, 비타민, 미네랄, 타우린 등",
        "성분구성": "조단백 11%이상, 조지방 2.0%이상, 조섬유 1.5%이하, 조회분 2.7%이하, 칼슘 0.18%이상, 인 0.15%이하",
        "현재 재고 수량": "42개",
        "소비자 상담 전화": "마마캣 고객센터 (1544-6141)"
    },
    {
        "id": 940,
        "name": "퓨리나 프로플랜 캣 옵티스타트 키튼 2.5kg",
        "image": "https://mamacat.co.kr/web/product/big/20191202/617bf2081598e07076481b88d8828a27.png",
        "상품 간략설명": "자묘용 | 슈퍼프리미엄 (912원/100g당)",
        "가격정책": "최저마진",
        "유통기한": "2022.03.23",
        "사료등급": "슈퍼프리미엄",
        "정상 소비자가": "36,000원",
        "마마캣 판매가": "22,790원",
        "원산지": "호주",
        "제조자 | 수입자": "Nestle Purina PetCare",
        "사용 연령": "자묘용 (12개월 이하)",
        "100g 가격": "912원",
        "포장단위별 용량, 수량": "2.5kg",
        "법에 의한 인증 및 허가": "사료관리법에 따른 수입신고를 필함",
        "원료구성": "닭고기 (건조 닭고기와 생 닭고기), 옥수수단백질, 통밀, 혼합토코페롤(비타민 E)로 보존된 소 또는 양의 동물성 지방, 밀단백질, 미네랄 합제, 비타민 합제, 아미노산 합제, 유기산 및 천연향미제 (칼슘, 인, 나트륨, 염소, 칼륨, 마그네슘, 망간, 구리, 아연 등",
        "성분구성": "조단백 36%이상, 조지방 18%이상, 조섬유 3%이하, 조회분 10%이하, 칼슘 1.0%이상, 인 0.8%이상",
        "현재 재고 수량": "2개",
        "소비자 상담 전화": "마마캣 고객센터 (1544-6141)",
        "제품 포장 유형": "통포장 (지퍼팩 있음)"
    },
    {
        "id": 941,
        "name": "퓨어네이쳐 캣 연어 2kg",
        "image": "https://mamacat.co.kr/web/product/big/202007/caa1f4a31fdeb4689a094bc9b54fe3e1.jpg",
        "가격정책": "마마캣 회원등급 할인 상품",
        "유통기한": "2022.09.16.",
        "사료등급": "홀리스틱",
        "정상 소비자가": "25,000원",
        "마마캣 판매가": "25,000원",
        "가장 높은 회원등급 할인 적용시 구매가": "23,750원 (최대 1,250원 할인)",
        "원산지": "대한민국",
        "제조자 | 수입자": "(주)제일사료",
        "사용 연령": "전연령(3개월 이상)",
        "100g 가격": "1,250원",
        "포장단위별 용량, 수량": "2kg",
        "법에 의한 인증 및 허가": "사료관리법에 따른 수입신고를 필함",
        "원료구성": "유도단백질(가수분해 연어), 감자전분, 타피오카, 동물성 혼합 유지, 아마인, 유도단백질(가수분해 향미제), 정제소금, 제오라이트, 과실 및 과채 추출물(천연 항산화제), 미량광물질류합제, 분말유지(DHA, EPA 공급원), 비타민제합제, 염화콜린, 유카추출물 등",
        "성분구성": "조단백질 35%이상, 조지방 18%이상, 조섬유 5%이하, 조회분 8%이하, 칼슘 1.2%이상, 인 0.8%이상, 수분 12%이하",
        "현재 재고 수량": "3개",
        "소비자 상담 전화": "마마캣 고객센터 (1544-6141)",
        "제품 포장 유형": "통포장",
        "제품 보관방법": "직사광선이 없는 곳에 실온보관"
    },
    {
        "id": 942,
        "name": "퓨어네이쳐 캣 연어 5kg",
        "image": "https://mamacat.co.kr/web/product/big/202007/62fda5a8ea7719cfa75d1ab5384dd18a.jpg",
        "가격정책": "마마캣 회원등급 할인 상품",
        "유통기한": "2022.10.01.",
        "사료등급": "홀리스틱",
        "정상 소비자가": "55,000원",
        "마마캣 판매가": "55,000원",
        "가장 높은 회원등급 할인 적용시 구매가": "52,250원 (최대 2,750원 할인)",
        "원산지": "대한민국",
        "제조자 | 수입자": "(주)제일사료",
        "사용 연령": "전연령(3개월 이상)",
        "100g 가격": "1,100원",
        "포장단위별 용량, 수량": "5kg",
        "법에 의한 인증 및 허가": "사료관리법에 따른 수입신고를 필함",
        "원료구성": "유도단백질(가수분해 연어), 감자전분, 타피오카, 동물성 혼합 유지, 아마인, 유도단백질(가수분해 향미제), 정제소금, 제오라이트, 과실 및 과채 추출물(천연 항산화제), 미량광물질류합제, 분말유지(DHA, EPA 공급원), 비타민제합제, 염화콜린, 유카추출물 등",
        "성분구성": "조단백질 35%이상, 조지방 18%이상, 조섬유 5%이하, 조회분 8%이하, 칼슘 1.2%이상, 인 0.8%이상, 수분 12%이하",
        "현재 재고 수량": "5개",
        "소비자 상담 전화": "마마캣 고객센터 (1544-6141)",
        "제품 포장 유형": "통포장",
        "제품 보관방법": "직사광선이 없는 곳에 실온보관"
    },
    {
        "id": 943,
        "name": "퓨어네이쳐 캣 치킨 2kg",
        "image": "https://mamacat.co.kr/web/product/big/202007/1567581923e8e42e886424a02c21f6a6.jpg",
        "가격정책": "마마캣 회원등급 할인 상품",
        "유통기한": "2022.09.06.",
        "사료등급": "홀리스틱",
        "정상 소비자가": "25,000원",
        "마마캣 판매가": "25,000원",
        "가장 높은 회원등급 할인 적용시 구매가": "23,750원 (최대 1,250원 할인)",
        "원산지": "대한민국",
        "제조자 | 수입자": "(주)제일사료",
        "사용 연령": "전연령(3개월 이상)",
        "100g 가격": "1,250원",
        "포장단위별 용량, 수량": "2kg",
        "법에 의한 인증 및 허가": "사료관리법에 따른 수입신고를 필함",
        "원료구성": "유도단백질(가수분해 닭), 감자전분, 타피오카, 동물성 혼합 유지, 아마인, 유도단백질(가수분해 향미제), 정제소금, 제오라이트, 과실 및 과채 추출물(천연 항산화제), 미량광물질류합제, 분말유지(DHA, EPA 공급원), 비타민제합제, 염화콜린, 유카추출물 등",
        "성분구성": "조단백질 35%이상, 조지방 18%이상, 조섬유 5%이하, 조회분 9%이하, 칼슘 1.2%이상, 인 0.8%이상, 수분 12%이하",
        "현재 재고 수량": "8개",
        "소비자 상담 전화": "마마캣 고객센터 (1544-6141)",
        "제품 포장 유형": "통포장",
        "제품 보관방법": "직사광선이 없는 곳에 실온보관"
    },
    {
        "id": 944,
        "name": "퓨어네이쳐 캣 치킨 5kg",
        "image": "https://mamacat.co.kr/web/product/big/202007/35628d12b20d29ddac6147324668efe9.jpg",
        "가격정책": "마마캣 회원등급 할인 상품",
        "유통기한": "2022.09.16.",
        "사료등급": "홀리스틱",
        "정상 소비자가": "55,000원",
        "마마캣 판매가": "55,000원",
        "가장 높은 회원등급 할인 적용시 구매가": "52,250원 (최대 2,750원 할인)",
        "원산지": "대한민국",
        "제조자 | 수입자": "(주)제일사료",
        "사용 연령": "전연령(3개월 이상)",
        "100g 가격": "1,100원",
        "포장단위별 용량, 수량": "5kg",
        "법에 의한 인증 및 허가": "사료관리법에 따른 수입신고를 필함",
        "원료구성": "유도단백질(가수분해 닭), 감자전분, 타피오카, 동물성 혼합 유지, 아마인, 유도단백질(가수분해 향미제), 정제소금, 제오라이트, 과실 및 과채 추출물(천연 항산화제), 미량광물질류합제, 분말유지(DHA, EPA 공급원), 비타민제합제, 염화콜린, 유카추출물 등",
        "성분구성": "조단백질 35%이상, 조지방 18%이상, 조섬유 5%이하, 조회분 9%이하, 칼슘 1.2%이상, 인 0.8%이상, 수분 12%이하",
        "현재 재고 수량": "3개",
        "소비자 상담 전화": "마마캣 고객센터 (1544-6141)",
        "제품 포장 유형": "통포장",
        "제품 보관방법": "직사광선이 없는 곳에 실온보관"
    },
    {
        "id": 945,
        "name": "퓨어럭스 캣 인도어 1.5kg [유통기한 :2021.07.11] [50% 할인중]",
        "image": "https://mamacat.co.kr/web/product/big/20191202/0fa0514b91a7943269c08e580603401d.jpg",
        "상품 간략설명": "성묘용 | 홀리스틱 (1533원/100g당)",
        "가격정책": "마마캣 회원등급 할인 상품",
        "유통기한": "2021.07.11.",
        "사료등급": "홀리스틱",
        "정상 소비자가": "29,000원",
        "마마캣 판매가": "23,000원",
        "가장 높은 회원등급 할인 적용시 구매가": "21,850원 (최대 1,150원 할인)",
        "원산지": "미국",
        "제조자 | 수입자": "퓨어럭스",
        "사용 연령": "성묘용 (12개월 이상)",
        "100g 가격": "1533원",
        "포장단위별 용량, 수량": "1.5kg",
        "법에 의한 인증 및 허가": "사료관리법에 따른 수입신고를 필함",
        "원료구성": "건조칠면조 고기, 뼈를 발라낸 칠면조 고기, 말린 완두, 말린 렌틸콩, 말린 병아리콩, 건조 연어, 닭지방(혼합 토코페롤로 보존), 뼈를 발라낸 연어, 토마토 포마스(즙을 짜내고 난 과육), 아마씨, 천연향료, 완두 단백질, 말린 크랜베리, 코코넛 오일 등",
        "성분구성": "조단백 30%, 지방 12%, 섬유소 5%, 수분 10%, 회분 8%, 칼슘 1.2%, 인 1%, 마그네슘 0.15%, 나트륨 0.31%, 비타민E 80IU/kg, EPA 0.08%, DHA 0.12%, 오메가6 지방산 3%, 오메가3 지방산 1%, 타우린 1,200mg/kg, 글루코사민 700mg/kg, 콘드로이틴 600mg/kg 등",
        "현재 재고 수량": "1개",
        "소비자 상담 전화": "마마캣 고객센터 (1544-6141)",
        "제품 포장 유형": "통포장 (지퍼팩 있음)"
    },
    {
        "id": 946,
        "name": "퓨어럭스 캣 인도어 5kg [유통기한 :2021.07.07] [50% 할인중]",
        "image": "https://mamacat.co.kr/web/product/big/20191202/e99752d7a10694a9050e29bab7789a89.jpg",
        "상품 간략설명": "성묘용 | 홀리스틱 (699원/100g당)",
        "가격정책": "마마캣 회원등급 할인 상품",
        "사료등급": "홀리스틱",
        "정상 소비자가": "69,900원",
        "마마캣 판매가": "34,950원",
        "가장 높은 회원등급 할인 적용시 구매가": "33,210원 (최대 1,740원 할인)",
        "원산지": "미국",
        "제조자 | 수입자": "퓨어럭스",
        "사용 연령": "성묘용 (12개월 이상)",
        "100g 가격": "699원",
        "포장단위별 용량, 수량": "5kg",
        "법에 의한 인증 및 허가": "사료관리법에 따른 수입신고를 필함",
        "원료구성": "건조칠면조 고기, 뼈를 발라낸 칠면조 고기, 말린 완두, 말린 렌틸콩, 말린 병아리콩, 건조 연어, 닭지방(혼합 토코페롤로 보존), 뼈를 발라낸 연어, 토마토 포마스(즙을 짜내고 난 과육), 아마씨, 천연향료, 완두 단백질, 말린 크랜베리, 코코넛 오일 등",
        "성분구성": "조단백 30%, 지방 12%, 섬유소 5%, 수분 10%, 회분 8%, 칼슘 1.2%, 인 1%, 마그네슘 0.15%, 나트륨 0.31%, 비타민E 80IU/kg, EPA 0.08%, DHA 0.12%, 오메가6 지방산 3%, 오메가3 지방산 1%, 타우린 1,200mg/kg, 글루코사민 700mg/kg, 콘드로이틴 600mg/kg 등",
        "현재 재고 수량": "3개",
        "소비자 상담 전화": "마마캣 고객센터 (1544-6141)",
        "제품 포장 유형": "통포장 (지퍼팩 있음)"
    },
    {
        "id": 947,
        "name": "퓨어비타 캣 그레인프리 연어 1kg",
        "image": "https://mamacat.co.kr/web/product/big/202009/72fc6bd7045e5e952f2c6fa4c5b9df08.png",
        "상품 간략설명": "전연령 | 홀리스틱 (1311원/100g당)",
        "가격정책": "최저마진",
        "유통기한": "2022.04.09.",
        "사료등급": "홀리스틱",
        "정상 소비자가": "17,000원",
        "마마캣 판매가": "13,110원",
        "원산지": "미국",
        "제조자 | 수입자": "KLN Enterprises",
        "사용 연령": "전연령 (3개월 이상)",
        "100g 가격": "1311원",
        "포장단위별 용량, 수량": "1kg",
        "법에 의한 인증 및 허가": "사료관리법에 따른 수입신고를 필함",
        "원료구성": "연어, 연어분, 완두콩전분, 해바라기유, 완두콩, 천연연어향, 효모제(맥주효모), 식염류, 근괴류(당근), 아미노산제(DL-메티오닌), 미량광물질류합제(철, 아연, 구리, 망간, 코발트, 셀레늄), 핵과류(체리, 살구), 장과류(크랜베리, 블루베리), 근채류(치커리) 등",
        "성분구성": "조단백질 31.0%이상, 조지방 18.0%이상, 조섬유 7.0%이하, 조회분 11.0%이하, 칼슘 0.05%이상, 인 0.5%이상, 수분 14.0%이하",
        "현재 재고 수량": "10개",
        "소비자 상담 전화": "마마캣 고객센터 (1544-6141)",
        "제품 포장 유형": "통포장 (지퍼팩 있음)"
    },
    {
        "id": 948,
        "name": "퓨어비타 캣 그레인프리 연어 3kg",
        "image": "https://mamacat.co.kr/web/product/big/202009/75c1202dc4c8cc7b41df6091da44523c.png",
        "상품 간략설명": "전연령 | 홀리스틱 (1096원/100g당)",
        "가격정책": "최저마진",
        "유통기한": "2022.05.24.",
        "사료등급": "홀리스틱",
        "정상 소비자가": "38,000원",
        "마마캣 판매가": "32,880원",
        "원산지": "미국",
        "제조자 | 수입자": "KLN Enterprises",
        "사용 연령": "전연령 (3개월 이상)",
        "100g 가격": "1096원",
        "포장단위별 용량, 수량": "3kg",
        "법에 의한 인증 및 허가": "사료관리법에 따른 수입신고를 필함",
        "원료구성": "연어, 연어분, 완두콩전분, 해바라기유, 완두콩, 천연연어향, 효모제(맥주효모), 식염류, 근괴류(당근), 아미노산제(DL-메티오닌), 미량광물질류합제(철, 아연, 구리, 망간, 코발트, 셀레늄), 핵과류(체리, 살구), 장과류(크랜베리, 블루베리), 근채류(치커리) 등",
        "성분구성": "조단백질 31.0%이상, 조지방 18.0%이상, 조섬유 7.0%이하, 조회분 11.0%이하, 칼슘 0.05%이상, 인 0.5%이상, 수분 14.0%이하",
        "현재 재고 수량": "7개",
        "소비자 상담 전화": "마마캣 고객센터 (1544-6141)",
        "제품 포장 유형": "통포장 (지퍼팩 있음)"
    },
    {
        "id": 949,
        "name": "퓨어비타 캣 그레인프리 연어 6.8kg",
        "image": "https://mamacat.co.kr/web/product/big/202009/a438f72036cc4f729f567fa951a70d1e.png",
        "상품 간략설명": "전연령 | 홀리스틱 (864원/100g당)",
        "가격정책": "최저마진",
        "유통기한": "2022.06.21.",
        "사료등급": "홀리스틱",
        "정상 소비자가": "75,000원",
        "마마캣 판매가": "58,810원",
        "원산지": "미국",
        "제조자 | 수입자": "KLN Enterprises",
        "사용 연령": "전연령 (3개월 이상)",
        "100g 가격": "938원",
        "포장단위별 용량, 수량": "6.8kg",
        "법에 의한 인증 및 허가": "사료관리법에 따른 수입신고를 필함",
        "원료구성": "연어, 연어분, 완두콩전분, 해바라기유, 완두콩, 천연연어향, 효모제(맥주효모), 식염류, 근괴류(당근), 아미노산제(DL-메티오닌), 미량광물질류합제(철, 아연, 구리, 망간, 코발트, 셀레늄), 핵과류(체리, 살구), 장과류(크랜베리, 블루베리), 근채류(치커리) 등",
        "성분구성": "조단백질 31.0%이상, 조지방 18.0%이상, 조섬유 7.0%이하, 조회분 11.0%이하, 칼슘 0.05%이상, 인 0.5%이상, 수분 14.0%이하",
        "현재 재고 수량": "15개",
        "소비자 상담 전화": "마마캣 고객센터 (1544-6141)",
        "제품 포장 유형": "통포장 (지퍼팩 있음)"
    },
    {
        "id": 950,
        "name": "퓨어비타 캣 그레인프리 치킨 1kg",
        "image": "https://mamacat.co.kr/web/product/big/202009/e72f6e548df42ae8eb39a3ba2e642007.png",
        "상품 간략설명": "전연령 | 홀리스틱 (1211원/100g당)",
        "가격정책": "최저마진",
        "유통기한": "2022.08.09.",
        "사료등급": "홀리스틱",
        "정상 소비자가": "17,000원",
        "마마캣 판매가": "12,110원",
        "원산지": "미국",
        "제조자 | 수입자": "KLN Enterprises",
        "사용 연령": "전연령 (3개월 이상)",
        "100g 가격": "1211원",
        "포장단위별 용량, 수량": "1kg",
        "법에 의한 인증 및 허가": "사료관리법에 따른 수입신고를 필함",
        "원료구성": "닭고기, 닭고기분, 완두콩, 완두콩가루, 닭지방, 계란분말, 천연향, 효모제(맥주 효모), 식염류, 아미노산제(DL-메티오닌), 근괴류(당근), 해바라기유, 미량광물질류합제(철, 아연, 구리, 망간, 코발트, 셀레늄), 핵과류(체리, 살구), 장과류(크랜베리, 블루베리) 등",
        "성분구성": "조단백질 32.0%이상, 조지방 15.0%이상, 조섬유 6.5%이하, 조회분 9.0%이하, 칼슘 0.5%이상, 인 0.5%이상, 수분 14.0%이하",
        "현재 재고 수량": "17개",
        "소비자 상담 전화": "마마캣 고객센터 (1544-6141)",
        "제품 포장 유형": "통포장 (지퍼팩 있음)"
    },
    {
        "id": 951,
        "name": "퓨어비타 캣 그레인프리 치킨 3kg",
        "image": "https://mamacat.co.kr/web/product/big/202009/29521a3f523d4c5beaf078f27670f1e3.png",
        "상품 간략설명": "전연령 | 홀리스틱 (960원/100g당)",
        "가격정책": "최저마진",
        "유통기한": "2022.06.21.",
        "사료등급": "홀리스틱",
        "정상 소비자가": "38,000원",
        "마마캣 판매가": "28,820원",
        "원산지": "미국",
        "제조자 | 수입자": "KLN Enterprises",
        "사용 연령": "전연령 (3개월 이상)",
        "100g 가격": "960원",
        "포장단위별 용량, 수량": "3kg",
        "법에 의한 인증 및 허가": "사료관리법에 따른 수입신고를 필함",
        "원료구성": "닭고기, 닭고기분, 완두콩, 완두콩가루, 닭지방, 계란분말, 천연향, 효모제(맥주 효모), 식염류, 아미노산제(DL-메티오닌), 근괴류(당근), 해바라기유, 미량광물질류합제(철, 아연, 구리, 망간, 코발트, 셀레늄), 핵과류(체리, 살구), 장과류(크랜베리, 블루베리) 등",
        "성분구성": "조단백질 32.0%이상, 조지방 15.0%이상, 조섬유 6.5%이하, 조회분 9.0%이하, 칼슘 0.5%이상, 인 0.5%이상, 수분 14.0%이하",
        "현재 재고 수량": "74개",
        "소비자 상담 전화": "마마캣 고객센터 (1544-6141)",
        "제품 포장 유형": "통포장 (지퍼팩 있음)"
    },
    {
        "id": 952,
        "name": "퓨어비타 캣 그레인프리 치킨 6.8kg",
        "image": "https://mamacat.co.kr/web/product/big/202009/1342c081d2c2443343272b7a59dc8d60.png",
        "상품 간략설명": "전연령 | 홀리스틱 (819원/100g당)",
        "가격정책": "최저마진",
        "유통기한": "2022.06.21.",
        "사료등급": "홀리스틱",
        "정상 소비자가": "75,000원",
        "마마캣 판매가": "55,730원",
        "원산지": "미국",
        "제조자 | 수입자": "KLN Enterprises",
        "사용 연령": "전연령 (3개월 이상)",
        "100g 가격": "819원",
        "포장단위별 용량, 수량": "6.8kg",
        "법에 의한 인증 및 허가": "사료관리법에 따른 수입신고를 필함",
        "원료구성": "닭고기, 닭고기분, 완두콩, 완두콩가루, 닭지방, 계란분말, 천연향, 효모제(맥주 효모), 식염류, 아미노산제(DL-메티오닌), 근괴류(당근), 해바라기유, 미량광물질류합제(철, 아연, 구리, 망간, 코발트, 셀레늄), 핵과류(체리, 살구), 장과류(크랜베리, 블루베리) 등",
        "성분구성": "조단백질 32.0%이상, 조지방 15.0%이상, 조섬유 6.5%이하, 조회분 9.0%이하, 칼슘 0.5%이상, 인 0.5%이상, 수분 14.0%이하",
        "현재 재고 수량": "46개",
        "소비자 상담 전화": "마마캣 고객센터 (1544-6141)",
        "제품 포장 유형": "통포장 (지퍼팩 있음)"
    },
    {
        "id": 953,
        "name": "퓨어비타 캣 주식캔 그레인프리 치킨 앙트레 156g × 12개",
        "image": "https://mamacat.co.kr/web/product/big/20200319/794a2a2b54b398942dd5d75213f05abd.jpg",
        "가격정책": "최저마진",
        "유통기한": "2024.01.20.",
        "정상 소비자가": "42,000원",
        "마마캣 판매가": "33,000원",
        "원산지": "미국",
        "제조자 | 수입자": "Tuffy's Pet Foods Inc.",
        "사용 연령": "4개월 이상 추천",
        "100g 가격": "1,763원",
        "포장단위별 용량, 수량": "142g × 12개",
        "법에 의한 인증 및 허가": "사료관리법에 따른 수입신고를 필함",
        "원료구성": "닭고기, 닭수프, 닭의 간, 자연 닭 맛, 한천, 탄산칼슘, 타우린, 소금, 칼륨, 콜린, 베타인, 철, 아연, 니아신, 비타민E, 망간, 구리, 셀레늄, 티아민, 비타민A, 비오틴, 판토텐산 칼슘, 피리독신, 리보플라빈, B-12, 어틸렌디아민, 비타민D3, k3, 엽산",
        "성분구성": "조단백질 11.0% 이상, 조지방 9.0% 이상, 조섬유 1.0% 이하, 조회분 4.0% 이하, 칼슘 0.2% 이상, 인 0.2% 이상, 수분 80.0% 이하",
        "현재 재고 수량": "6개",
        "소비자 상담 전화": "마마캣 고객센터 (1544-6141)"
    },
    {
        "id": 954,
        "name": "퓨어비타 캣 주식캔 그레인프리 치킨 앙트레 156g",
        "image": "https://mamacat.co.kr/web/product/big/201812/d3e9a56f21aee93d7d5f158a5df3529d.jpg",
        "가격정책": "최저마진",
        "유통기한": "2024.01.20.",
        "정상 소비자가": "3,500원",
        "마마캣 판매가": "3,000원",
        "원산지": "미국",
        "제조자 | 수입자": "Tuffy's Pet Foods Inc.",
        "사용 연령": "4개월 이상 추천",
        "100g 가격": "1,923원",
        "포장단위별 용량, 수량": "156g",
        "법에 의한 인증 및 허가": "사료관리법에 따른 수입신고를 필함",
        "원료구성": "닭고기, 닭수프, 닭의 간, 자연 닭 맛, 한천, 탄산칼슘, 타우린, 소금, 칼륨, 콜린, 베타인, 철, 아연, 니아신, 비타민E, 망간, 구리, 셀레늄, 티아민, 비타민A, 비오틴, 판토텐산 칼슘, 피리독신, 리보플라빈, B-12, 어틸렌디아민, 비타민D3, k3, 엽산",
        "성분구성": "조단백질 11.0% 이상, 조지방 9.0% 이상, 조섬유 1.0% 이하, 조회분 4.0% 이하, 칼슘 0.2% 이상, 인 0.2% 이상, 수분 80.0% 이하",
        "현재 재고 수량": "113개",
        "소비자 상담 전화": "마마캣 고객센터 (1544-6141)"
    },
    {
        "id": 955,
        "name": "프라이멀 캣 동결건조 닭&연어 397g",
        "image": "https://mamacat.co.kr/web/product/big/201704/8915_shop1_141751.jpg",
        "가격정책": "마마캣 회원등급 할인 상품",
        "유통기한": "2022.01.13.",
        "정상 소비자가": "58,000원",
        "마마캣 판매가": "52,000원",
        "가장 높은 회원등급 할인 적용시 구매가": "49,400원 (최대 2,600원 할인)",
        "원산지": "미국",
        "제조자 | 수입자": "Primal Pet Foods Inc. | (주)펫앤미",
        "사용 연령": "전연령 (3개월 이상)",
        "100g 가격": "13,098원",
        "포장단위별 용량, 수량": "397g",
        "법에 의한 인증 및 허가": "사료관리법에 따른 수입신고를 필함",
        "원료구성": "닭고기, 닭목, 닭 모래주머니, 연어, 닭간, 유기농 케일, 유기농 호박, 유기농 당근, 유기농 사과, 유기농 브로콜리, 크랜베리, 블루베리, 유기농 호박 씨앗, 유기농 해바라기 씨앗, 몬모릴로나이트 클레이, 유기농 사과식초, 유기농 파슬리, 연어 오일, 타우린 등",
        "성분구성": "조단백 48.0% 이상, 조지방 31.0% 이상, 조회분 8.0% 이하, 조섬유 1.75% 이하, 칼슘 1.0% 이상, 인 0.9% 이상, 수분 5.1% 이하",
        "현재 재고 수량": "4개",
        "소비자 상담 전화": "마마캣 고객센터 (1544-6141)"
    },
    {
        "id": 956,
        "name": "프로베스트 캣 15kg",
        "image": "https://mamacat.co.kr/web/product/big/20200203/32e8db744efea4cf874d5afd2743929f.jpg",
        "상품 간략설명": "전연령 | 프리미엄 (226원/100g당)",
        "가격정책": "최저마진",
        "유통기한": "2022.10.21.",
        "사료등급": "프리미엄",
        "정상 소비자가": "34,000원",
        "마마캣 판매가": "33,900원",
        "원산지": "대한민국",
        "제조자 | 수입자": "(주)대한사료",
        "사용 연령": "전연령 (3개월 이상)",
        "100g 가격": "226원",
        "포장단위별 용량, 수량": "15kg",
        "법에 의한 인증 및 허가": "사료관리법에 따른 수입신고를 필함",
        "원료구성": "닭고기분, 생선분말, 곡류, 쇄미, 비트펄프, 아마인, 닭기름, 대두유, 효모, 건조효소분해계육분(천연향미제), 타우린, 비타민E, 비타민 C, DL-메치오닌, 엘라이신, 추출제합제(유기산제), 염화콜린, 유카",
        "성분구성": "조단백 30.0%이상, 조지방 12.0%이상, 조섬유 4.0%이하, 조회분 10.0%이하, 칼슘 1.0%이상, 인 1.6%이상",
        "현재 재고 수량": "9개",
        "소비자 상담 전화": "마마캣 고객센터 (1544-6141)",
        "제품 포장 유형": "통포장 (지퍼 없음)"
    },
    {
        "id": 957,
        "name": "프로베스트 캣 2kg",
        "image": "https://mamacat.co.kr/web/product/big/20200203/9a9fab676de1e45397d702dd37a6463b.jpg",
        "상품 간략설명": "전연령 | 프리미엄 (440원/100g당)",
        "가격정책": "최저마진",
        "유통기한": "2022.07.07",
        "사료등급": "프리미엄",
        "정상 소비자가": "10,000원",
        "마마캣 판매가": "8,800원",
        "원산지": "대한민국",
        "제조자 | 수입자": "(주)대한사료",
        "사용 연령": "전연령 (3개월 이상)",
        "100g 가격": "440원",
        "포장단위별 용량, 수량": "2kg",
        "법에 의한 인증 및 허가": "사료관리법에 따른 수입신고를 필함",
        "원료구성": "닭고기분, 생선분말, 곡류, 쇄미, 비트펄프, 아마인, 닭기름, 대두유, 효모, 건조효소분해계육분(천연향미제), 타우린, 비타민E, 비타민 C, DL-메치오닌, 엘라이신, 추출제합제(유기산제), 염화콜린, 유카",
        "성분구성": "조단백 30.0%이상, 조지방 12.0%이상, 조섬유 4.0%이하, 조회분 10.0%이하, 칼슘 1.0%이상, 인 1.6%이상",
        "현재 재고 수량": "8개",
        "소비자 상담 전화": "마마캣 고객센터 (1544-6141)",
        "제품 포장 유형": "통포장 (지퍼 없음)"
    },
    {
        "id": 958,
        "name": "프로베스트 캣 7.5kg",
        "image": "https://mamacat.co.kr/web/product/big/20200203/b5d959332e9f3c5288edccbc7afa3bcf.jpg",
        "상품 간략설명": "전연령 | 프리미엄 (247원/100g당)",
        "가격정책": "최저마진",
        "유통기한": "2022.12.09.",
        "사료등급": "프리미엄",
        "정상 소비자가": "22,000원",
        "마마캣 판매가": "20,000원",
        "원산지": "대한민국",
        "제조자 | 수입자": "(주)대한사료",
        "사용 연령": "전연령 (3개월 이상)",
        "100g 가격": "247원",
        "포장단위별 용량, 수량": "7.5kg",
        "법에 의한 인증 및 허가": "사료관리법에 따른 수입신고를 필함",
        "원료구성": "닭고기분, 생선분말, 곡류, 쇄미, 비트펄프, 아마인, 닭기름, 대두유, 효모, 건조효소분해계육분(천연향미제), 타우린, 비타민E, 비타민 C, DL-메치오닌, 엘라이신, 추출제합제(유기산제), 염화콜린, 유카",
        "성분구성": "조단백 30.0%이상, 조지방 12.0%이상, 조섬유 4.0%이하, 조회분 10.0%이하, 칼슘 1.0%이상, 인 1.6%이상",
        "현재 재고 수량": "15개",
        "소비자 상담 전화": "마마캣 고객센터 (1544-6141)",
        "제품 포장 유형": "통포장 (지퍼 없음)"
    },
    {
        "id": 959,
        "name": "프로베스트 캣 블루 15kg",
        "image": "https://mamacat.co.kr/web/product/big/202102/767dbdc96a227a6c04599fad7f80fe39.png",
        "상품 간략설명": "성묘용 | 프리미엄 (199원/100g당)",
        "가격정책": "최저마진",
        "유통기한": "2022.10.23.",
        "정상 소비자가": "40,000원",
        "마마캣 판매가": "29,900원",
        "원산지": "한국",
        "제조자 | 수입자": "(주)대한사료",
        "사용 연령": "전연령 (4개월 이상)",
        "100g 가격": "199원",
        "포장단위별 용량, 수량": "15kg",
        "법에 의한 인증 및 허가": "사료관리법에 따른 수입신고를 필함",
        "원료구성": "닭고기분, 곡류, 박류, 닭기름, 대두유, 가수분해닭고기분(천연향미제), 비트펄프 맥주효모, 아마종실, DL-메치오닌, 타우린, 셀루로오스(정제섬유소), 비타민프리믹스, 미네랄프리믹스, 페뉴그릭추출물, 프로테아제(단백질",
        "성분구성": "조단백 30.0%이상, 조지방 11.0%이상, 조섬유 5.0%이하, 조회분 10.0%이하, 칼슘 1.0%이상, 인 0.6%이상, 수분 12.0%이하",
        "현재 재고 수량": "5개",
        "소비자 상담 전화": "마마캣 고객센터 (1544-6141)",
        "제품 포장 유형": "통포장 (지퍼 없음)"
    },
    {
        "id": 960,
        "name": "프로베스트 캣 블루 7.5kg",
        "image": "https://mamacat.co.kr/web/product/big/202102/d1c88092567aa87164aa8a9cd71909e6.png",
        "상품 간략설명": "성묘용 | 프리미엄 (233원/100g당)",
        "가격정책": "최저마진",
        "유통기한": "2022.06.24.",
        "정상 소비자가": "19,000원",
        "마마캣 판매가": "17,500원",
        "원산지": "한국",
        "제조자 | 수입자": "(주)대한사료",
        "사용 연령": "전연령 (4개월 이상)",
        "100g 가격": "233원",
        "포장단위별 용량, 수량": "7.5kg",
        "법에 의한 인증 및 허가": "사료관리법에 따른 수입신고를 필함",
        "원료구성": "닭고기분, 곡류, 박류, 닭기름, 대두유, 가수분해닭고기분(천연향미제), 비트펄프 맥주효모, 아마종실, DL-메치오닌, 타우린, 셀루로오스(정제섬유소), 비타민프리믹스, 미네랄프리믹스, 페뉴그릭추출물, 프로테아제(단백질",
        "성분구성": "조단백 30.0%이상, 조지방 11.0%이상, 조섬유 5.0%이하, 조회분 10.0%이하, 칼슘 1.0%이상, 인 0.6%이상, 수분 12.0%이하",
        "현재 재고 수량": "13개",
        "소비자 상담 전화": "마마캣 고객센터 (1544-6141)",
        "제품 포장 유형": "통포장 (지퍼 없음)"
    },
    {
        "id": 961,
        "name": "프로플랜 캣 주식파우치 민감성 소화 (센서티브) 85g × 12개",
        "image": "https://mamacat.co.kr/web/product/big/20200122/cbba4ae981cf0ace01292b234d48e315.jpg",
        "가격정책": "마마캣 회원등급 할인 상품",
        "유통기한": "2022.02.",
        "정상 소비자가": "24,000원",
        "마마캣 판매가": "14,690원",
        "가장 높은 회원등급 할인 적용시 구매가": "13,960원 (최대 730원 할인)",
        "원산지": "호주",
        "제조자 | 수입자": "프로플랜 / 퓨리나",
        "사용 연령": "성묘용(1세 이상반려묘)",
        "100g 가격": "1,440원",
        "포장단위별 용량, 수량": "85g × 12개",
        "법에 의한 인증 및 허가": "사료관리법에 따른 수입신고를 필함",
        "원료구성": "닭고기,양고기,생선 가공품,곡류 및 야채 가공품,아미노산 및 비타민,미네랄 합제,수용성 섬유소,항산화제",
        "성분구성": "조단백11.5%이상,조지방2.9%이상,칼슘0.3%이상,인0.2%이상,조섬유0.55%이하,조회분2.5%이하,수분80%이하",
        "현재 재고 수량": "4개",
        "소비자 상담 전화": "마마캣 고객센터 (1544-6141)"
    },
    {
        "id": 962,
        "name": "프로플랜 캣 주식파우치 민감성 소화 (센서티브) 85g",
        "image": "https://mamacat.co.kr/web/product/big/20200122/704793e524530f601155391ee2a9d695.jpg",
        "가격정책": "마마캣 회원등급 할인 상품",
        "유통기한": "2022.02.",
        "정상 소비자가": "2,000원",
        "마마캣 판매가": "1,400원",
        "가장 높은 회원등급 할인 적용시 구매가": "1,330원 (최대 70원 할인)",
        "원산지": "호주",
        "제조자 | 수입자": "프로플랜 / 퓨리나",
        "사용 연령": "성묘용(1세 이상반려묘)",
        "100g 가격": "1,647원",
        "포장단위별 용량, 수량": "85g",
        "법에 의한 인증 및 허가": "사료관리법에 따른 수입신고를 필함",
        "원료구성": "닭고기,양고기,생선 가공품,곡류 및 야채 가공품,아미노산 및 비타민,미네랄 합제,수용성 섬유소,항산화제",
        "성분구성": "조단백 11.5%이상, 조지방 2.9%이상, 칼슘 0.3%이상, 인 0.2%이상, 조섬유 0.55%이하, 조회분 2.5%이하, 수분 80%이하",
        "현재 재고 수량": "6개",
        "소비자 상담 전화": "마마캣 고객센터 (1544-6141)"
    },
    {
        "id": 963,
        "name": "프로플랜 캣 주식파우치 민감성 피부 (더마플러스) 85g × 12개",
        "image": "https://mamacat.co.kr/web/product/big/20200122/e14630d24281c49b24ff3a3b5dba384a.jpg",
        "가격정책": "마마캣 회원등급 할인 상품",
        "유통기한": "2022.01.",
        "정상 소비자가": "24,000원",
        "마마캣 판매가": "14,690원",
        "가장 높은 회원등급 할인 적용시 구매가": "13,960원 (최대 730원 할인)",
        "원산지": "호주",
        "제조자 | 수입자": "프로플랜 / 퓨리나",
        "사용 연령": "성묘용(1세 이상반려묘)",
        "100g 가격": "1,440원",
        "포장단위별 용량, 수량": "85g × 12개",
        "법에 의한 인증 및 허가": "사료관리법에 따른 수입신고를 필함",
        "원료구성": "닭고기,양고기,생선 가공품,곡류 및 야채 가공품,아미노산 및 비타민,미네랄 합제,수용성 섬유소,항산화제",
        "성분구성": "조단백11.3%이상,조지방2.9%이상,칼슘0.2%이상,인0.2%이상,조섬유1.65%이하,조회분2.5%이하,수분80%이하",
        "현재 재고 수량": "4개",
        "소비자 상담 전화": "마마캣 고객센터 (1544-6141)"
    },
    {
        "id": 964,
        "name": "프로플랜 캣 주식파우치 민감성 피부 (더마플러스) 85g",
        "image": "https://mamacat.co.kr/web/product/big/20200319/5ff525733bba2215720d8b5fb9dd553a.jpg",
        "가격정책": "마마캣 회원등급 할인 상품",
        "유통기한": "2022.01.",
        "정상 소비자가": "2,000원",
        "마마캣 판매가": "1,400원",
        "가장 높은 회원등급 할인 적용시 구매가": "1,330원 (최대 70원 할인)",
        "원산지": "호주",
        "제조자 | 수입자": "프로플랜 / 퓨리나",
        "사용 연령": "성묘용(1세 이상반려묘)",
        "100g 가격": "1,647원",
        "포장단위별 용량, 수량": "85g",
        "법에 의한 인증 및 허가": "사료관리법에 따른 수입신고를 필함",
        "원료구성": "닭고기,양고기,생선 가공품,곡류 및 야채 가공품,아미노산 및 비타민,미네랄 합제,수용성 섬유소,항산화제",
        "성분구성": "조단백11.3%이상,조지방2.9%이상,칼슘0.2%이상,인0.2%이상,조섬유1.65%이하,조회분2.5%이하,수분80%이하",
        "현재 재고 수량": "12개",
        "소비자 상담 전화": "마마캣 고객센터 (1544-6141)"
    },
    {
        "id": 965,
        "name": "프로플랜 캣 주식파우치 어덜트 7+ 85g × 12개",
        "image": "https://mamacat.co.kr/web/product/big/20200122/c0be881c1a2e49d648c61f414a470e0a.jpg",
        "가격정책": "마마캣 회원등급 할인 상품",
        "유통기한": "2022.02.",
        "정상 소비자가": "24,000원",
        "마마캣 판매가": "14,690원",
        "가장 높은 회원등급 할인 적용시 구매가": "13,960원 (최대 730원 할인)",
        "원산지": "호주",
        "제조자 | 수입자": "프로플랜 / 퓨리나",
        "사용 연령": "노묘용(7세 이상반려묘)",
        "100g 가격": "1,440원",
        "포장단위별 용량, 수량": "85g × 12개",
        "법에 의한 인증 및 허가": "사료관리법에 따른 수입신고를 필함",
        "원료구성": "닭고기,양고기,생선 가공품,곡류 및 야채 가공품,아미노산 및 비타민,미네랄 합제,수용성 섬유소,항산화제",
        "성분구성": "조단백11.7%이상,조지방3.1%이상,칼슘0.3%이상,인0.2%이상,조섬유0.33%이하,조회분2.5%이하,수분80%이하",
        "현재 재고 수량": "3개",
        "소비자 상담 전화": "마마캣 고객센터 (1544-6141)"
    },
    {
        "id": 966,
        "name": "프로플랜 캣 주식파우치 어덜트 7+ 85g",
        "image": "https://mamacat.co.kr/web/product/big/20200319/c2a68d7d1ce40aee3785ef8be7c56b33.jpg",
        "가격정책": "마마캣 회원등급 할인 상품",
        "유통기한": "2022.02.",
        "정상 소비자가": "2,000원",
        "마마캣 판매가": "1,400원",
        "가장 높은 회원등급 할인 적용시 구매가": "1,330원 (최대 70원 할인)",
        "원산지": "호주",
        "제조자 | 수입자": "프로플랜 / 퓨리나",
        "사용 연령": "노묘용(7세 이상반려묘)",
        "100g 가격": "1,647원",
        "포장단위별 용량, 수량": "85g",
        "법에 의한 인증 및 허가": "사료관리법에 따른 수입신고를 필함",
        "원료구성": "닭고기,양고기,생선 가공품,곡류 및 야채 가공품,아미노산 및 비타민,미네랄 합제,수용성 섬유소,항산화제",
        "성분구성": "조단백11.7%이상,조지방3.1%이상,칼슘0.3%이상,인0.2%이상,조섬유0.33%이하,조회분2.5%이하,수분80%이하",
        "현재 재고 수량": "12개",
        "소비자 상담 전화": "마마캣 고객센터 (1544-6141)"
    },
    {
        "id": 967,
        "name": "프로플랜 캣 주식파우치 어덜트 85g × 12개",
        "image": "https://mamacat.co.kr/web/product/big/20200122/97b0348500938cf79814b62271e86e45.jpg",
        "가격정책": "마마캣 회원등급 할인 상품",
        "유통기한": "2022.03.",
        "정상 소비자가": "24,000원",
        "마마캣 판매가": "14,690원",
        "가장 높은 회원등급 할인 적용시 구매가": "13,960원 (최대 730원 할인)",
        "원산지": "호주",
        "제조자 | 수입자": "프로플랜 / 퓨리나",
        "사용 연령": "성묘용(1세 이상반려묘)",
        "100g 가격": "1,440원",
        "포장단위별 용량, 수량": "85g × 12개",
        "법에 의한 인증 및 허가": "사료관리법에 따른 수입신고를 필함",
        "원료구성": "닭고기,양고기,생선 가공품,곡류 및 야채 가공품,아미노산 및 비타민,미네랄 합제,수용성 섬유소,항산화제",
        "성분구성": "조단백11.2%이상,조지방2.8%이상,칼슘0.3%이상,인0.2%이상,조섬유1.54%이하,조회분2.5%이하,수분80%이하",
        "현재 재고 수량": "6개",
        "소비자 상담 전화": "마마캣 고객센터 (1544-6141)"
    },
    {
        "id": 968,
        "name": "프로플랜 캣 주식파우치 어덜트 85g",
        "image": "https://mamacat.co.kr/web/product/big/20200319/6f6312810556320dd3f0196b1d0d0dc9.jpg",
        "가격정책": "마마캣 회원등급 할인 상품",
        "유통기한": "2022.03.",
        "정상 소비자가": "2,000원",
        "마마캣 판매가": "1,400원",
        "가장 높은 회원등급 할인 적용시 구매가": "1,330원 (최대 70원 할인)",
        "원산지": "호주",
        "제조자 | 수입자": "프로플랜 / 퓨리나",
        "사용 연령": "성묘용(1세 이상반려묘)",
        "100g 가격": "1,647원",
        "포장단위별 용량, 수량": "85g",
        "법에 의한 인증 및 허가": "사료관리법에 따른 수입신고를 필함",
        "원료구성": "닭고기,양고기,생선 가공품,곡류 및 야채 가공품,아미노산 및 비타민,미네랄 합제,수용성 섬유소,항산화제",
        "성분구성": "조단백11.2%이상,조지방2.8%이상,칼슘0.3%이상,인0.2%이상,조섬유1.54%이하,조회분2.5%이하,수분80%이하",
        "현재 재고 수량": "10개",
        "소비자 상담 전화": "마마캣 고객센터 (1544-6141)"
    },
    {
        "id": 969,
        "name": "프로플랜 캣 주식파우치 유리너리 85g × 12개",
        "image": "https://mamacat.co.kr/web/product/big/20200122/f9482453eed7652a64466ab88f1c1477.jpg",
        "가격정책": "마마캣 회원등급 할인 상품",
        "유통기한": "2022.01.",
        "정상 소비자가": "24,000원",
        "마마캣 판매가": "14,690원",
        "가장 높은 회원등급 할인 적용시 구매가": "13,960원 (최대 730원 할인)",
        "원산지": "호주",
        "제조자 | 수입자": "프로플랜 / 퓨리나",
        "사용 연령": "성묘용(1세 이상반려묘)",
        "100g 가격": "1,440원",
        "포장단위별 용량, 수량": "85g × 12개",
        "법에 의한 인증 및 허가": "사료관리법에 따른 수입신고를 필함",
        "원료구성": "닭고기,양고기,생선 가공품,곡류 및 야채 가공품,아미노산 및 비타민,미네랄 합제,수용성 섬유소,항산화제",
        "성분구성": "조단백11.2%이상,조지방2.8%이상,칼슘0.3%이상,인0.2%이상,조섬유0.33%이하,조회분2.5%이하,수분80%이하",
        "현재 재고 수량": "3개",
        "소비자 상담 전화": "마마캣 고객센터 (1544-6141)"
    },
    {
        "id": 970,
        "name": "프로플랜 캣 주식파우치 유리너리 85g",
        "image": "https://mamacat.co.kr/web/product/big/20200319/d3ad9aa1bbd5b0d503d1a1d4306634a6.jpg",
        "가격정책": "마마캣 회원등급 할인 상품",
        "유통기한": "2022.01.",
        "정상 소비자가": "2,000원",
        "마마캣 판매가": "1,400원",
        "가장 높은 회원등급 할인 적용시 구매가": "1,330원 (최대 70원 할인)",
        "원산지": "호주",
        "제조자 | 수입자": "프로플랜 / 퓨리나",
        "사용 연령": "성묘용(1세 이상반려묘)",
        "100g 가격": "1,647원",
        "포장단위별 용량, 수량": "85g",
        "법에 의한 인증 및 허가": "사료관리법에 따른 수입신고를 필함",
        "원료구성": "닭고기,양고기,생선 가공품,곡류 및 야채 가공품,아미노산 및 비타민,미네랄 합제,수용성 섬유소,항산화제",
        "성분구성": "조단백11.2%이상,조지방2.8%이상,칼슘0.3%이상,인0.2%이상,조섬유0.33%이하,조회분2.5%이하,수분80%이하",
        "현재 재고 수량": "9개",
        "소비자 상담 전화": "마마캣 고객센터 (1544-6141)"
    },
    {
        "id": 971,
        "name": "프로플랜 캣 주식파우치 키튼 연어 그레이비 85g × 12개",
        "image": "https://mamacat.co.kr/web/product/big/20200122/a80ccf0abb8ef02b9f912adffe44b8f7.jpg",
        "가격정책": "마마캣 회원등급 할인 상품",
        "유통기한": "2022.01.",
        "정상 소비자가": "24,000원",
        "마마캣 판매가": "14,690원",
        "가장 높은 회원등급 할인 적용시 구매가": "13,960원 (최대 730원 할인)",
        "원산지": "호주",
        "제조자 | 수입자": "프로플랜 / 퓨리나",
        "사용 연령": "자묘용(1세 이하 반려묘)",
        "100g 가격": "1,440원",
        "포장단위별 용량, 수량": "85g × 12개",
        "법에 의한 인증 및 허가": "사료관리법에 따른 수입신고를 필함",
        "원료구성": "닭고기,양고기,생선 가공품,곡류 및 야채 가공품,아미노산 및 비타민,미네랄 합제,수용성 섬유소,항산화제",
        "성분구성": "조단백12.6%이상,조지방3.1%이상,칼슘0.2%이상,인0.2%이상,조섬유0.33%이하,조회분2.5%이하,수분80%이하",
        "현재 재고 수량": "3개",
        "소비자 상담 전화": "마마캣 고객센터 (1544-6141)"
    },
    {
        "id": 972,
        "name": "프로플랜 캣 주식파우치 키튼 연어 그레이비 85g",
        "image": "https://mamacat.co.kr/web/product/big/20200319/3e53b54adce122889cbfda4d6c131e36.jpg",
        "가격정책": "마마캣 회원등급 할인 상품",
        "유통기한": "2022.01.",
        "정상 소비자가": "2,000원",
        "마마캣 판매가": "1,400원",
        "가장 높은 회원등급 할인 적용시 구매가": "1,330원 (최대 70원 할인)",
        "원산지": "호주",
        "제조자 | 수입자": "프로플랜 / 퓨리나",
        "사용 연령": "자묘용(1세 이하 반려묘)",
        "100g 가격": "1,647원",
        "포장단위별 용량, 수량": "85g",
        "법에 의한 인증 및 허가": "사료관리법에 따른 수입신고를 필함",
        "원료구성": "닭고기,양고기,생선 가공품,곡류 및 야채 가공품,아미노산 및 비타민,미네랄 합제,수용성 섬유소,항산화제",
        "성분구성": "조단백12.6%이상,조지방3.1%이상,칼슘0.2%이상,인0.2%이상,조섬유0.33%이하,조회분2.5%이하,수분80%이하",
        "현재 재고 수량": "7개",
        "소비자 상담 전화": "마마캣 고객센터 (1544-6141)"
    },
    {
        "id": 973,
        "name": "피쉬포캣 고양이캔 참치&새우 70g × 10개",
        "image": "https://mamacat.co.kr/web/product/big/20200424/9282465124e51761b88ae0f27f032c3a.jpg",
        "가격정책": "마마캣 회원등급 할인 상품",
        "유통기한": "2022.07.08.",
        "정상 소비자가": "20,000원",
        "마마캣 판매가": "15,280원",
        "가장 높은 회원등급 할인 적용시 구매가": "14,520원 (최대 760원 할인)",
        "원산지": "태국",
        "제조자 | 수입자": "ASAN ALLANCE INTERNATIONAL CO LTD. | ㈜씨씨펫",
        "사용 연령": "전연령 (3개월 이상 추천)",
        "100g 가격": "2,182원",
        "포장단위별 용량, 수량": "70g × 10개",
        "법에 의한 인증 및 허가": "사료관리법에 따른 수입신고를 필함",
        "원료구성": "참치, 생선육수, 새우, 쌀",
        "성분구성": "조단백 10.0% 이상, 조지방 0.3% 이상, 조섬유 0.5% 이하, 조회분 2.0% 이하, 칼슘 0.01% 이상, 인 0.05% 이상, 수분 85.0% 이하",
        "현재 재고 수량": "5개",
        "소비자 상담 전화": "마마캣 고객센터 (1544-6141)",
        "제품 보관방법": "직사광선이 없는 곳에 실온보관"
    },
    {
        "id": 974,
        "name": "피쉬포캣 고양이캔 참치&새우 70g",
        "image": "https://mamacat.co.kr/web/product/big/20200424/9690f841d6c0ae211662057570ab5659.jpg",
        "가격정책": "마마캣 회원등급 할인 상품",
        "유통기한": "2022.07.08.",
        "정상 소비자가": "2,000원",
        "마마캣 판매가": "1,620원",
        "가장 높은 회원등급 할인 적용시 구매가": "1,540원 (최대 80원 할인)",
        "원산지": "태국",
        "제조자 | 수입자": "ASAN ALLANCE INTERNATIONAL CO LTD. | ㈜씨씨펫",
        "사용 연령": "전연령 (3개월 이상 추천)",
        "100g 가격": "2,314원",
        "포장단위별 용량, 수량": "70g",
        "법에 의한 인증 및 허가": "사료관리법에 따른 수입신고를 필함",
        "원료구성": "참치, 생선육수, 새우, 쌀",
        "성분구성": "조단백 10.0% 이상, 조지방 0.3% 이상, 조섬유 0.5% 이하, 조회분 2.0% 이하, 칼슘 0.01% 이상, 인 0.05% 이상, 수분 85.0% 이하",
        "현재 재고 수량": "8개",
        "소비자 상담 전화": "마마캣 고객센터 (1544-6141)",
        "제품 보관방법": "직사광선이 없는 곳에 실온보관"
    },
    {
        "id": 975,
        "name": "피쉬포캣 고양이캔 참치&오징어 70g × 10개",
        "image": "https://mamacat.co.kr/web/product/big/20200424/a7bf28eee31a53c5e8e7367eca2687fc.jpg",
        "가격정책": "마마캣 회원등급 할인 상품",
        "유통기한": "2022.07.19.",
        "정상 소비자가": "20,000원",
        "마마캣 판매가": "15,280원",
        "가장 높은 회원등급 할인 적용시 구매가": "14,520원 (최대 760원 할인)",
        "원산지": "태국",
        "제조자 | 수입자": "ASAN ALLANCE INTERNATIONAL CO LTD. | ㈜씨씨펫",
        "사용 연령": "전연령 (3개월 이상 추천)",
        "100g 가격": "2,182원",
        "포장단위별 용량, 수량": "70g × 10개",
        "법에 의한 인증 및 허가": "사료관리법에 따른 수입신고를 필함",
        "원료구성": "참치, 생선육수, 오징어, 쌀",
        "성분구성": "조단백 10.0% 이상, 조지방 1.0% 이상, 조섬유 1.0% 이하, 조회분 2.0% 이하, 칼슘 0.01% 이상, 인 0.08% 이상, 수분 85.0% 이하",
        "현재 재고 수량": "5개",
        "소비자 상담 전화": "마마캣 고객센터 (1544-6141)",
        "제품 보관방법": "직사광선이 없는 곳에 실온보관"
    },
    {
        "id": 976,
        "name": "피쉬포캣 고양이캔 참치&오징어 70g",
        "image": "https://mamacat.co.kr/web/product/big/20200424/1384314d4c50abce967fb336b47aaeb9.jpg",
        "가격정책": "마마캣 회원등급 할인 상품",
        "유통기한": "2022.07.19.",
        "정상 소비자가": "2,000원",
        "마마캣 판매가": "1,620원",
        "가장 높은 회원등급 할인 적용시 구매가": "1,540원 (최대 80원 할인)",
        "원산지": "태국",
        "제조자 | 수입자": "ASAN ALLANCE INTERNATIONAL CO LTD. | ㈜씨씨펫",
        "사용 연령": "전연령 (3개월 이상 추천)",
        "100g 가격": "2,314원",
        "포장단위별 용량, 수량": "70g",
        "법에 의한 인증 및 허가": "사료관리법에 따른 수입신고를 필함",
        "원료구성": "참치, 생선육수, 오징어, 쌀",
        "성분구성": "조단백 10.0% 이상, 조지방 1.0% 이상, 조섬유 1.0% 이하, 조회분 2.0% 이하, 칼슘 0.01% 이상, 인 0.08% 이상, 수분 85.0% 이하",
        "현재 재고 수량": "9개",
        "소비자 상담 전화": "마마캣 고객센터 (1544-6141)",
        "제품 보관방법": "직사광선이 없는 곳에 실온보관"
    },
    {
        "id": 977,
        "name": "피쉬포캣 고양이캔 참치&치즈 70g × 10개",
        "image": "https://mamacat.co.kr/web/product/big/20200424/3c083d0f01da3ee779de1e83c24455ce.jpg",
        "가격정책": "마마캣 회원등급 할인 상품",
        "유통기한": "2022.07.02.",
        "정상 소비자가": "20,000원",
        "마마캣 판매가": "15,280원",
        "가장 높은 회원등급 할인 적용시 구매가": "14,520원 (최대 760원 할인)",
        "원산지": "태국",
        "제조자 | 수입자": "ASAN ALLANCE INTERNATIONAL CO LTD. | ㈜씨씨펫",
        "사용 연령": "전연령 (3개월 이상 추천)",
        "100g 가격": "2,182원",
        "포장단위별 용량, 수량": "70g × 10개",
        "법에 의한 인증 및 허가": "사료관리법에 따른 수입신고를 필함",
        "원료구성": "참치, 생선육수, 치즈, 쌀",
        "성분구성": "조단백 10.0% 이상, 조지방 1.0% 이상, 조섬유 1.0% 이하, 조회분 1.0% 이하, 칼슘 0.005% 이상, 인 0.04% 이상, 수분 85.0% 이하",
        "현재 재고 수량": "5개",
        "소비자 상담 전화": "마마캣 고객센터 (1544-6141)",
        "제품 보관방법": "직사광선이 없는 곳에 실온보관"
    },
    {
        "id": 978,
        "name": "피쉬포캣 고양이캔 참치&치즈 70g",
        "image": "https://mamacat.co.kr/web/product/big/20200424/36a3050ff0bcc6c76ce95f6111c18726.jpg",
        "가격정책": "마마캣 회원등급 할인 상품",
        "유통기한": "2022.07.02.",
        "정상 소비자가": "2,000원",
        "마마캣 판매가": "1,620원",
        "가장 높은 회원등급 할인 적용시 구매가": "1,540원 (최대 80원 할인)",
        "원산지": "태국",
        "제조자 | 수입자": "ASAN ALLANCE INTERNATIONAL CO LTD. | ㈜씨씨펫",
        "사용 연령": "전연령 (3개월 이상 추천)",
        "100g 가격": "2,314원",
        "포장단위별 용량, 수량": "70g",
        "법에 의한 인증 및 허가": "사료관리법에 따른 수입신고를 필함",
        "원료구성": "참치, 생선육수, 치즈, 쌀",
        "성분구성": "조단백 10.0% 이상, 조지방 1.0% 이상, 조섬유 1.0% 이하, 조회분 1.0% 이하, 칼슘 0.005% 이상, 인 0.04% 이상, 수분 85.0% 이하",
        "현재 재고 수량": "9개",
        "소비자 상담 전화": "마마캣 고객센터 (1544-6141)",
        "제품 보관방법": "직사광선이 없는 곳에 실온보관"
    },
    {
        "id": 979,
        "name": "하겐 캣잇 디너 주식캔 게살의 풍미와 호박을 곁들인 생선요리 80g × 6개",
        "image": "https://mamacat.co.kr/web/product/big/20200409/946d31abd09d3a67aa15ccbb03b556b5.jpg",
        "가격정책": "마마캣 회원등급 할인 상품",
        "유통기한": "2022.01.15.",
        "정상 소비자가": "18,000원",
        "마마캣 판매가": "14,010원",
        "가장 높은 회원등급 할인 적용시 구매가": "13,310원 (최대 700원 할인)",
        "원산지": "태국 OEM",
        "제조자 | 수입자": "Rolf C. Hagen Inc. | (주)펫앤피플",
        "사용 연령": "3개월 이상 추천",
        "포장단위별 용량, 수량": "80g × 6개",
        "법에 의한 인증 및 허가": "사료관리법에 따른 수입신고를 필함",
        "원료구성": "다랑어살코기, 다랑어흰살, 호박, 게살맛향, 연어, 탈라피아, 바사, 다랑어붉은살, 구아검, 글리신, D-자일로오스, 잔탄검, 로커스트콩검, 염화칼륨, 탄산나트륨, 비타민프리믹스, 염화콜린, 타우린, 생선육수, 물, 제삼인산칼슘, 황산마그네슘, 철, 아연 등",
        "성분구성": "조단백 8.5% 이상, 조지방 0.5% 이상, 칼슘 0.13% 이상, 조섬유 1.0% 이하, 조회분 3.5% 이하, 인 0.12% 이상, 수분 85.0% 이하",
        "현재 재고 수량": "1개",
        "소비자 상담 전화": "마마캣 고객센터 (1544-6141)",
        "제품 보관방법": "직사광선이 없는 곳에 실온보관"
    },
    {
        "id": 980,
        "name": "하겐 캣잇 디너 주식캔 게살의 풍미와 호박을 곁들인 생선요리 80g",
        "image": "https://mamacat.co.kr/web/product/big/20200408/37d78623fb429c7201f4878429983a16.jpg",
        "가격정책": "마마캣 회원등급 할인 상품",
        "유통기한": "2022.01.15.",
        "정상 소비자가": "3,000원",
        "마마캣 판매가": "2,390원",
        "가장 높은 회원등급 할인 적용시 구매가": "2,280원 (최대 110원 할인)",
        "원산지": "태국 OEM",
        "제조자 | 수입자": "Rolf C. Hagen Inc. | (주)펫앤피플",
        "사용 연령": "3개월 이상 추천",
        "포장단위별 용량, 수량": "80g",
        "법에 의한 인증 및 허가": "사료관리법에 따른 수입신고를 필함",
        "원료구성": "다랑어살코기, 다랑어흰살, 호박, 게살맛향, 연어, 탈라피아, 바사, 다랑어붉은살, 구아검, 글리신, D-자일로오스, 잔탄검, 로커스트콩검, 염화칼륨, 탄산나트륨, 비타민프리믹스, 염화콜린, 타우린, 생선육수, 물, 제삼인산칼슘, 황산마그네슘, 철, 아연 등",
        "성분구성": "조단백 8.5% 이상, 조지방 0.5% 이상, 칼슘 0.13% 이상, 조섬유 1.0% 이하, 조회분 3.5% 이하, 인 0.12% 이상, 수분 85.0% 이하",
        "현재 재고 수량": "4개",
        "소비자 상담 전화": "마마캣 고객센터 (1544-6141)",
        "제품 보관방법": "직사광선이 없는 곳에 실온보관"
    },
    {
        "id": 981,
        "name": "하겐 캣잇 디너 주식캔 새우와 풋강낭콩을 곁들인 생선요리 80g × 6개",
        "image": "https://mamacat.co.kr/web/product/big/20200409/3bfc31f4fe9e11b501d461ad6478fdbe.jpg",
        "가격정책": "마마캣 회원등급 할인 상품",
        "유통기한": "2022.01.16.",
        "정상 소비자가": "18,000원",
        "마마캣 판매가": "14,010원",
        "가장 높은 회원등급 할인 적용시 구매가": "13,310원 (최대 700원 할인)",
        "원산지": "태국 OEM",
        "제조자 | 수입자": "Rolf C. Hagen Inc. | (주)펫앤피플",
        "사용 연령": "3개월 이상 추천",
        "포장단위별 용량, 수량": "80g × 6개",
        "법에 의한 인증 및 허가": "사료관리법에 따른 수입신고를 필함",
        "원료구성": "다랑어살코기, 풋강낭콩, 새우, 연어, 틸라피아, 바사, 다랑어붉은살, 구아검, 글리신, D-자일로오스, 잔탄검, 로커스트콩검, 염화칼륨, 탄산나트륨, 비타민프리믹스, 염화콜린, 타우린, 생선육수, 물, 제삼인산칼슘, 황산마그네슘, 철, 아연, 구리 등",
        "성분구성": "조단백 8.5% 이상, 조지방 0.5% 이상, 칼슘 0.13% 이상, 조섬유 1.0% 이하, 조회분 3.5% 이하, 인 0.12% 이상, 수분 85.0% 이하",
        "현재 재고 수량": "9개",
        "소비자 상담 전화": "마마캣 고객센터 (1544-6141)",
        "제품 보관방법": "직사광선이 없는 곳에 실온보관"
    },
    {
        "id": 982,
        "name": "하겐 캣잇 디너 주식캔 새우와 풋강낭콩을 곁들인 생선요리 80g",
        "image": "https://mamacat.co.kr/web/product/big/20200408/a8bcb3d19407d88e16daa7293d866227.jpg",
        "가격정책": "마마캣 회원등급 할인 상품",
        "유통기한": "2022.01.16.",
        "정상 소비자가": "3,000원",
        "마마캣 판매가": "2,390원",
        "가장 높은 회원등급 할인 적용시 구매가": "2,280원 (최대 110원 할인)",
        "원산지": "태국 OEM",
        "제조자 | 수입자": "Rolf C. Hagen Inc. | (주)펫앤피플",
        "사용 연령": "3개월 이상 추천",
        "포장단위별 용량, 수량": "80g",
        "법에 의한 인증 및 허가": "사료관리법에 따른 수입신고를 필함",
        "원료구성": "다랑어살코기, 풋강낭콩, 새우, 연어, 틸라피아, 바사, 다랑어붉은살, 구아검, 글리신, D-자일로오스, 잔탄검, 로커스트콩검, 염화칼륨, 탄산나트륨, 비타민프리믹스, 염화콜린, 타우린, 생선육수, 물, 제삼인산칼슘, 황산마그네슘, 철, 아연, 구리 등",
        "성분구성": "조단백 8.5% 이상, 조지방 0.5% 이상, 칼슘 0.13% 이상, 조섬유 1.0% 이하, 조회분 3.5% 이하, 인 0.12% 이상, 수분 85.0% 이하",
        "현재 재고 수량": "8개",
        "소비자 상담 전화": "마마캣 고객센터 (1544-6141)",
        "제품 보관방법": "직사광선이 없는 곳에 실온보관"
    },
    {
        "id": 983,
        "name": "하겐 캣잇 디너 주식캔 생선요리 4종 맛보기 80g × 4개",
        "image": "https://mamacat.co.kr/web/product/big/20200409/73dba512a84af4f78a5cbc0efe924723.jpg",
        "가격정책": "마마캣 회원등급 할인 상품",
        "정상 소비자가": "12,000원",
        "마마캣 판매가": "9,380원",
        "가장 높은 회원등급 할인 적용시 구매가": "8,920원 (최대 460원 할인)",
        "원산지": "태국 OEM",
        "제조자 | 수입자": "Rolf C. Hagen Inc. | (주)펫앤피플",
        "사용 연령": "3개월 이상 추천",
        "포장단위별 용량, 수량": "80g × 4개",
        "법에 의한 인증 및 허가": "사료관리법에 따른 수입신고를 필함",
        "원료구성": "각 상세페이지 참조",
        "성분구성": "조단백 8.5% 이상, 조지방 0.5% 이상, 칼슘 0.13% 이상, 조섬유 1.0% 이하, 조회분 3.5% 이하, 인 0.12% 이상, 수분 85.0% 이하",
        "현재 재고 수량": "5개",
        "소비자 상담 전화": "마마캣 고객센터 (1544-6141)",
        "제품 보관방법": "직사광선이 없는 곳에 실온보관"
    },
    {
        "id": 984,
        "name": "하겐 캣잇 디너 주식캔 연어와 당근을 곁들인 닭고기요리 80g × 6개",
        "image": "https://mamacat.co.kr/web/product/big/20200409/bbcdffc8db222ac1b2b267cc56090720.jpg",
        "가격정책": "마마캣 회원등급 할인 상품",
        "유통기한": "2022.01.17.",
        "정상 소비자가": "18,000원",
        "마마캣 판매가": "14,010원",
        "가장 높은 회원등급 할인 적용시 구매가": "13,310원 (최대 700원 할인)",
        "원산지": "태국 OEM",
        "제조자 | 수입자": "Rolf C. Hagen Inc. | (주)펫앤피플",
        "사용 연령": "3개월 이상 추천",
        "포장단위별 용량, 수량": "80g × 6개",
        "법에 의한 인증 및 허가": "사료관리법에 따른 수입신고를 필함",
        "원료구성": "다랑어살코기, 당근, 다랑어붉은살코기, 닭(기계발골육), 닭간, 연어살코기, 연어분말, 구아검, 글리신, D-자일로오스, 잔탄검, 로커스트콩검, 염화칼륨, 탄산나트륨, 비타민프리믹스, 염화콜린, 타우린, 닭고기육수, 물, 계란, 감자녹말, 소금, 제삼인산칼슘 등",
        "성분구성": "조단백 6.6% 이상, 조지방 4.0% 이상, 칼슘 0.13% 이상, 조섬유 0.7% 이하, 조회분 2.5% 이하, 인 0.12% 이상, 수분 85.0% 이하",
        "현재 재고 수량": "5개",
        "소비자 상담 전화": "마마캣 고객센터 (1544-6141)",
        "제품 보관방법": "직사광선이 없는 곳에 실온보관"
    },
    {
        "id": 985,
        "name": "하겐 캣잇 디너 주식캔 연어와 당근을 곁들인 닭고기요리 80g",
        "image": "https://mamacat.co.kr/web/product/big/20200408/46a832f7166a3202f5f55e13aa131d02.jpg",
        "가격정책": "마마캣 회원등급 할인 상품",
        "유통기한": "2022.01.17.",
        "정상 소비자가": "3,000원",
        "마마캣 판매가": "2,390원",
        "가장 높은 회원등급 할인 적용시 구매가": "2,280원 (최대 110원 할인)",
        "원산지": "태국 OEM",
        "제조자 | 수입자": "Rolf C. Hagen Inc. | (주)펫앤피플",
        "사용 연령": "3개월 이상 추천",
        "포장단위별 용량, 수량": "80g",
        "법에 의한 인증 및 허가": "사료관리법에 따른 수입신고를 필함",
        "원료구성": "다랑어살코기, 당근, 다랑어붉은살코기, 닭(기계발골육), 닭간, 연어살코기, 연어분말, 구아검, 글리신, D-자일로오스, 잔탄검, 로커스트콩검, 염화칼륨, 탄산나트륨, 비타민프리믹스, 염화콜린, 타우린, 닭고기육수, 물, 계란, 감자녹말, 소금, 제삼인산칼슘 등",
        "성분구성": "조단백 6.6% 이상, 조지방 4.0% 이상, 칼슘 0.13% 이상, 조섬유 0.7% 이하, 조회분 2.5% 이하, 인 0.12% 이상, 수분 85.0% 이하",
        "현재 재고 수량": "9개",
        "소비자 상담 전화": "마마캣 고객센터 (1544-6141)",
        "제품 보관방법": "직사광선이 없는 곳에 실온보관"
    },
    {
        "id": 986,
        "name": "하겐 캣잇 디너 주식캔 연어와 풋강낭콩을 곁들인 생선요리 80g × 6개",
        "image": "https://mamacat.co.kr/web/product/big/20200408/f4b10edaa94ed635c69d5c08b8170a0b.jpg",
        "가격정책": "마마캣 회원등급 할인 상품",
        "유통기한": "2021.11.30.",
        "정상 소비자가": "18,000원",
        "마마캣 판매가": "14,010원",
        "가장 높은 회원등급 할인 적용시 구매가": "13,310원 (최대 700원 할인)",
        "원산지": "태국 OEM",
        "제조자 | 수입자": "Rolf C. Hagen Inc. | (주)펫앤피플",
        "사용 연령": "3개월 이상 추천",
        "포장단위별 용량, 수량": "80g × 6개",
        "법에 의한 인증 및 허가": "사료관리법에 따른 수입신고를 필함",
        "원료구성": "다랑어살코기, 다랑어흰살, 풋강낭콩, 연어, 틸라피아, 바사, 다랑어붉은살, 구아검, 글리신, D-자일로오스, 잔탄검, 로커스트콩검, 염화칼륨, 탄산나트륨, 비타민프리믹스, 염화콜린, 타우린, 생선육수, 물, 제삼인산칼슘, 황산마그네슘, 철, 아연 등",
        "성분구성": "조단백 8.5% 이상, 조지방 0.5% 이상, 칼슘 0.13% 이상, 조섬유 1.0% 이하, 조회분 3.5% 이하, 인 0.12% 이상, 수분 85.0% 이하",
        "현재 재고 수량": "2개",
        "소비자 상담 전화": "마마캣 고객센터 (1544-6141)",
        "제품 보관방법": "직사광선이 없는 곳에 실온보관"
    },
    {
        "id": 987,
        "name": "하겐 캣잇 디너 주식캔 연어와 풋강낭콩을 곁들인 생선요리 80g",
        "image": "https://mamacat.co.kr/web/product/big/20200408/ae52531d954c607d302417fc80f2d508.jpg",
        "가격정책": "마마캣 회원등급 할인 상품",
        "유통기한": "2021.11.30.",
        "정상 소비자가": "3,000원",
        "마마캣 판매가": "2,390원",
        "가장 높은 회원등급 할인 적용시 구매가": "2,280원 (최대 110원 할인)",
        "원산지": "태국 OEM",
        "제조자 | 수입자": "Rolf C. Hagen Inc. | (주)펫앤피플",
        "사용 연령": "3개월 이상 추천",
        "포장단위별 용량, 수량": "80g",
        "법에 의한 인증 및 허가": "사료관리법에 따른 수입신고를 필함",
        "원료구성": "다랑어살코기, 다랑어흰살, 풋강낭콩, 연어, 틸라피아, 바사, 다랑어붉은살, 구아검, 글리신, D-자일로오스, 잔탄검, 로커스트콩검, 염화칼륨, 탄산나트륨, 비타민프리믹스, 염화콜린, 타우린, 생선육수, 물, 제삼인산칼슘, 황산마그네슘, 철, 아연 등",
        "성분구성": "조단백 8.5% 이상, 조지방 0.5% 이상, 칼슘 0.13% 이상, 조섬유 1.0% 이하, 조회분 3.5% 이하, 인 0.12% 이상, 수분 85.0% 이하",
        "현재 재고 수량": "13개",
        "소비자 상담 전화": "마마캣 고객센터 (1544-6141)",
        "제품 보관방법": "직사광선이 없는 곳에 실온보관"
    },
    {
        "id": 988,
        "name": "하겐 캣잇 디너 주식캔 오리와 감자를 곁들인 닭고기요리 80g × 6개",
        "image": "https://mamacat.co.kr/web/product/big/20200409/e00e2e30733992ecba6bae48a2ff24b6.jpg",
        "가격정책": "마마캣 회원등급 할인 상품",
        "유통기한": "2022.01.17.",
        "정상 소비자가": "18,000원",
        "마마캣 판매가": "14,010원",
        "가장 높은 회원등급 할인 적용시 구매가": "13,310원 (최대 700원 할인)",
        "원산지": "태국 OEM",
        "제조자 | 수입자": "Rolf C. Hagen Inc. | (주)펫앤피플",
        "사용 연령": "3개월 이상 추천",
        "포장단위별 용량, 수량": "80g × 6개",
        "법에 의한 인증 및 허가": "사료관리법에 따른 수입신고를 필함",
        "원료구성": "닭가슴살, 감자, 닭(기계발골육), 닭간, 오리(기계발골육), 구아검, 글리신, D-자일로오스, 잔탄검, 로커스트콩검, 염화칼륨, 탄산나트륨, 비타민프리믹스, 염화콜린, 타우린, 닭고기육수, 물, 계란, 감자녹말, 소금, 제삼인산칼슘, 황산마그네슘, 철, 아연 등",
        "성분구성": "조단백 6.6% 이상, 조지방 4.0% 이상, 칼슘 0.13% 이상, 조섬유 0.7% 이하, 조회분 2.5% 이하, 인 0.12% 이상, 수분 85.0% 이하",
        "현재 재고 수량": "2개",
        "소비자 상담 전화": "마마캣 고객센터 (1544-6141)",
        "제품 보관방법": "직사광선이 없는 곳에 실온보관"
    },
    {
        "id": 989,
        "name": "하겐 캣잇 디너 주식캔 오리와 감자를 곁들인 닭고기요리 80g",
        "image": "https://mamacat.co.kr/web/product/big/20200408/fc8872b96bd8304fed95c5165fc94b09.jpg",
        "가격정책": "마마캣 회원등급 할인 상품",
        "유통기한": "2022.01.17.",
        "정상 소비자가": "3,000원",
        "마마캣 판매가": "2,390원",
        "가장 높은 회원등급 할인 적용시 구매가": "2,280원 (최대 110원 할인)",
        "원산지": "태국 OEM",
        "제조자 | 수입자": "Rolf C. Hagen Inc. | (주)펫앤피플",
        "사용 연령": "3개월 이상 추천",
        "포장단위별 용량, 수량": "80g",
        "법에 의한 인증 및 허가": "사료관리법에 따른 수입신고를 필함",
        "원료구성": "닭가슴살, 감자, 닭(기계발골육), 닭간, 오리(기계발골육), 구아검, 글리신, D-자일로오스, 잔탄검, 로커스트콩검, 염화칼륨, 탄산나트륨, 비타민프리믹스, 염화콜린, 타우린, 닭고기육수, 물, 계란, 감자녹말, 소금, 제삼인산칼슘, 황산마그네슘, 철, 아연 등",
        "성분구성": "조단백 6.6% 이상, 조지방 4.0% 이상, 칼슘 0.13% 이상, 조섬유 0.7% 이하, 조회분 2.5% 이하, 인 0.12% 이상, 수분 85.0% 이하",
        "현재 재고 수량": "9개",
        "소비자 상담 전화": "마마캣 고객센터 (1544-6141)",
        "제품 보관방법": "직사광선이 없는 곳에 실온보관"
    },
    {
        "id": 990,
        "name": "하겐 캣잇 디너 주식캔 참치와 당근을 곁들인 생선요리 80g × 6개",
        "image": "https://mamacat.co.kr/web/product/big/20200408/c4e9c1060e723067c77d1b49d50001de.jpg",
        "가격정책": "마마캣 회원등급 할인 상품",
        "유통기한": "2022.01.15.",
        "정상 소비자가": "18,000원",
        "마마캣 판매가": "14,010원",
        "가장 높은 회원등급 할인 적용시 구매가": "13,310원 (최대 700원 할인)",
        "원산지": "태국 OEM",
        "제조자 | 수입자": "Rolf C. Hagen Inc. | (주)펫앤피플",
        "사용 연령": "3개월 이상 추천",
        "포장단위별 용량, 수량": "80g × 6개",
        "법에 의한 인증 및 허가": "사료관리법에 따른 수입신고를 필함",
        "원료구성": "다랑어살코기, 당근, 연어, 틸라피아, 바사, 다랑어붉은살, 구아검, 글리신, D-자일로오스, 잔탄검, 로커스트콩검, 염화칼륨, 탄산나트륨, 비타민프리믹스, 염화콜린, 타우린, 생선육수, 물, 제삼인산칼슘, 황산마그네슘, 철, 아연, 구리 등",
        "성분구성": "조단백 8.5% 이상, 조지방 0.5% 이상, 칼슘 0.13% 이상, 조섬유 1.0% 이하, 조회분 3.5% 이하, 인 0.12% 이상, 수분 85.0% 이하",
        "현재 재고 수량": "1개",
        "소비자 상담 전화": "마마캣 고객센터 (1544-6141)",
        "제품 보관방법": "직사광선이 없는 곳에 실온보관"
    },
    {
        "id": 991,
        "name": "하겐 캣잇 디너 주식캔 참치와 당근을 곁들인 생선요리 80g",
        "image": "https://mamacat.co.kr/web/product/big/20200408/5e996b5015bbe149c3853bc5e27d7773.jpg",
        "가격정책": "마마캣 회원등급 할인 상품",
        "유통기한": "2022.01.15.",
        "정상 소비자가": "3,000원",
        "마마캣 판매가": "2,390원",
        "가장 높은 회원등급 할인 적용시 구매가": "2,280원 (최대 110원 할인)",
        "원산지": "태국 OEM",
        "제조자 | 수입자": "Rolf C. Hagen Inc. | (주)펫앤피플",
        "사용 연령": "3개월 이상 추천",
        "포장단위별 용량, 수량": "80g",
        "법에 의한 인증 및 허가": "사료관리법에 따른 수입신고를 필함",
        "원료구성": "다랑어살코기, 당근, 연어, 틸라피아, 바사, 다랑어붉은살, 구아검, 글리신, D-자일로오스, 잔탄검, 로커스트콩검, 염화칼륨, 탄산나트륨, 비타민프리믹스, 염화콜린, 타우린, 생선육수, 물, 제삼인산칼슘, 황산마그네슘, 철, 아연, 구리 등",
        "성분구성": "조단백 8.5% 이상, 조지방 0.5% 이상, 칼슘 0.13% 이상, 조섬유 1.0% 이하, 조회분 3.5% 이하, 인 0.12% 이상, 수분 85.0% 이하",
        "현재 재고 수량": "8개",
        "소비자 상담 전화": "마마캣 고객센터 (1544-6141)",
        "제품 보관방법": "직사광선이 없는 곳에 실온보관"
    },
    {
        "id": 992,
        "name": "하겐 캣잇 디너 주식캔 참치와 케일을 곁들인 닭고기요리 80g × 6개",
        "image": "https://mamacat.co.kr/web/product/big/20200409/06413618237fe9e40863bddbc407f9a8.jpg",
        "가격정책": "마마캣 회원등급 할인 상품",
        "유통기한": "2022.01.17.",
        "정상 소비자가": "18,000원",
        "마마캣 판매가": "14,010원",
        "가장 높은 회원등급 할인 적용시 구매가": "13,310원 (최대 700원 할인)",
        "원산지": "태국 OEM",
        "제조자 | 수입자": "Rolf C. Hagen Inc. | (주)펫앤피플",
        "사용 연령": "3개월 이상 추천",
        "포장단위별 용량, 수량": "80g × 6개",
        "법에 의한 인증 및 허가": "사료관리법에 따른 수입신고를 필함",
        "원료구성": "다랑어살코기, 케일, 참치흰살,다랑어붉은살코기, 닭(기계발골육), 닭간, 연어살코기, 구아검, 글리신, D-자일로오스, 잔탄검, 로커스트콩검, 염화칼륨, 탄산나트륨, 비타민프리믹스, 염화콜린, 타우린, 닭고기육수, 물, 계란, 감자녹말, 소금 등",
        "성분구성": "조단백 6.6% 이상, 조지방 4.0% 이상, 칼슘 0.13% 이상, 조섬유 0.7% 이하, 조회분 2.5% 이하, 인 0.12% 이상, 수분 85.0% 이하",
        "현재 재고 수량": "1개",
        "소비자 상담 전화": "마마캣 고객센터 (1544-6141)",
        "제품 보관방법": "직사광선이 없는 곳에 실온보관"
    },
    {
        "id": 993,
        "name": "하겐 캣잇 디너 주식캔 참치와 케일을 곁들인 닭고기요리 80g",
        "image": "https://mamacat.co.kr/web/product/big/20200408/99474ec16280de44d60222dd551cc86c.jpg",
        "가격정책": "마마캣 회원등급 할인 상품",
        "유통기한": "2022.01.17.",
        "정상 소비자가": "3,000원",
        "마마캣 판매가": "2,390원",
        "가장 높은 회원등급 할인 적용시 구매가": "2,280원 (최대 110원 할인)",
        "원산지": "태국 OEM",
        "제조자 | 수입자": "Rolf C. Hagen Inc. | (주)펫앤피플",
        "사용 연령": "3개월 이상 추천",
        "포장단위별 용량, 수량": "80g",
        "법에 의한 인증 및 허가": "사료관리법에 따른 수입신고를 필함",
        "원료구성": "다랑어살코기, 케일, 참치흰살,다랑어붉은살코기, 닭(기계발골육), 닭간, 연어살코기, 구아검, 글리신, D-자일로오스, 잔탄검, 로커스트콩검, 염화칼륨, 탄산나트륨, 비타민프리믹스, 염화콜린, 타우린, 닭고기육수, 물, 계란, 감자녹말, 소금 등",
        "성분구성": "조단백 6.6% 이상, 조지방 4.0% 이상, 칼슘 0.13% 이상, 조섬유 0.7% 이하, 조회분 2.5% 이하, 인 0.12% 이상, 수분 85.0% 이하",
        "현재 재고 수량": "3개",
        "소비자 상담 전화": "마마캣 고객센터 (1544-6141)",
        "제품 보관방법": "직사광선이 없는 곳에 실온보관"
    },
    {
        "id": 994,
        "name": "하림 더리얼 캣 그레인프리 크런치 닭고기 시니어 1kg",
        "image": "https://mamacat.co.kr/web/product/big/20191217/47ae4e6fbf0bfe0641012c76f1fb2522.jpg",
        "상품 간략설명": "노묘용 | 홀리스틱 (1890원/100g당)",
        "가격정책": "마마캣 회원등급 할인 상품",
        "유통기한": "2022.02.14.",
        "사료등급": "홀리스틱",
        "정상 소비자가": "21,000원",
        "마마캣 판매가": "18,900원",
        "가장 높은 회원등급 할인 적용시 구매가": "17,960원 (최대 940원 할인)",
        "원산지": "대한민국",
        "제조자 | 수입자": "㈜하림펫푸드",
        "사용 연령": "노묘용(7세이상)",
        "100g 가격": "1890원",
        "포장단위별 용량, 수량": "1kg",
        "법에 의한 인증 및 허가": "사료관리법에 따른 수입신고를 필함",
        "원료구성": "닭고기, 완두콩, 완두전분, 완두콩단백질, 흰색생선분(대구), 병아리콩, 비트식이섬유, 닭간, 닭기름, 아마인, 제일인산칼슘, 타피오카전분, 농축대두단백질, 맥주효모, 계란분말, 카놀라유, 탄산칼슘, 코코넛, 강황, 염화칼륨, 산성피로인산나트륨, 정제소금 등",
        "성분구성": "조단백 28%이상, 조지방 13%이상, 조섬유 4%이하, 조회분 10%이하, 칼슘 1%이상, 인 1%이상, 수분 10%이하",
        "현재 재고 수량": "15개",
        "소비자 상담 전화": "마마캣 고객센터 (1544-6141)",
        "제품 포장 유형": "통포장 (지퍼팩 있음)"
    },
    {
        "id": 995,
        "name": "하림 더리얼 캣 그레인프리 크런치 닭고기 어덜트 1kg",
        "image": "https://mamacat.co.kr/web/product/big/20191202/aff3e7a28fddd84ea83ad688723abc14.jpg",
        "상품 간략설명": "성묘용 | 홀리스틱 (1890원/100g당)",
        "가격정책": "마마캣 회원등급 할인 상품",
        "유통기한": "2022.04.14.",
        "사료등급": "홀리스틱",
        "정상 소비자가": "21,000원",
        "마마캣 판매가": "18,900원",
        "가장 높은 회원등급 할인 적용시 구매가": "17,960원 (최대 940원 할인)",
        "원산지": "대한민국",
        "제조자 | 수입자": "㈜하림펫푸드",
        "사용 연령": "성묘용 (12개월 이상)",
        "100g 가격": "1890원",
        "포장단위별 용량, 수량": "1kg",
        "법에 의한 인증 및 허가": "사료관리법에 따른 수입신고를 필함",
        "원료구성": "닭고기, 완두콩, 완두콩 단백질, 완두 전분, 닭기름, 흰색생선분(대구), 농축대두단백질, 비트 식이섬유, 닭간, 제일인산칼슘, 계란 분말, 병아리콩, 아마인, 맥주 효모, 탄산칼슘, 염화칼륨, 산성피로인산나트륨, 정제소금, DL-메티오닌, 염화콜린, 미세조류 등",
        "성분구성": "조단백 32.0%, 조지방 15.0%이상, 조섬유 6.0%이하, 조회분 12.0%이하, 칼슘 0.9%이상, 인 0.9%이상, 수분 10.0%이하",
        "현재 재고 수량": "12개",
        "소비자 상담 전화": "마마캣 고객센터 (1544-6141)",
        "제품 포장 유형": "통포장 (지퍼팩 있음)"
    },
    {
        "id": 996,
        "name": "하림 더리얼 캣 그레인프리 크런치 닭고기 키튼 1kg",
        "image": "https://mamacat.co.kr/web/product/big/20191202/9a86c9cf76607510a90ceac5c073c74d.jpg",
        "상품 간략설명": "자묘용 | 홀리스틱 (1980원/100g당)",
        "가격정책": "마마캣 회원등급 할인 상품",
        "유통기한": "2022.04.05.",
        "사료등급": "홀리스틱",
        "정상 소비자가": "22,000원",
        "마마캣 판매가": "19,800원",
        "가장 높은 회원등급 할인 적용시 구매가": "18,810원 (최대 990원 할인)",
        "원산지": "대한민국",
        "제조자 | 수입자": "㈜하림펫푸드",
        "사용 연령": "자묘용 (12개월 이하)",
        "100g 가격": "1980원",
        "포장단위별 용량, 수량": "1kg",
        "법에 의한 인증 및 허가": "사료관리법에 따른 수입신고를 필함",
        "원료구성": "닭고기, 완두콩, 완두콩 단백질, 닭기름, 흰색생선분(대구), 병아리콩, 농축대두 단백질, 비트 식이섬유, 닭간, 제일인산칼슘, 아마인, 닭고기가수분해단백질,완두 전분, 맥주효모, 계란분말, 타피오카 전분, 카놀라유, 탄산칼슘, 염화칼륨, 산성피로인산나트륨 등",
        "성분구성": "조단백 34.0%이상, 조지방 17.0%이상, 조섬유 6.0%이하, 조회분 12.0%이하, 수분 10.0%이하, 칼슘 1.0%이상, 인 1.0%이상",
        "현재 재고 수량": "19개",
        "소비자 상담 전화": "마마캣 고객센터 (1544-6141)",
        "제품 포장 유형": "통포장 (지퍼팩 있음)"
    },
    {
        "id": 997,
        "name": "하림 더리얼 캣 그레인프리 크런치 연어 시니어 1kg",
        "image": "https://mamacat.co.kr/web/product/big/20191218/6d334d29a5545bcd2a25fe241bf6108e.jpg",
        "상품 간략설명": "노묘용 | 홀리스틱 (2160원/100g당)",
        "가격정책": "마마캣 회원등급 할인 상품",
        "유통기한": "2021.11.25",
        "사료등급": "홀리스틱",
        "정상 소비자가": "24,000원",
        "마마캣 판매가": "21,600원",
        "가장 높은 회원등급 할인 적용시 구매가": "20,520원 (최대 1,080원 할인)",
        "원산지": "대한민국",
        "제조자 | 수입자": "㈜하림펫푸드",
        "사용 연령": "노묘용(7세이상)",
        "100g 가격": "2160원",
        "포장단위별 용량, 수량": "1kg",
        "법에 의한 인증 및 허가": "사료관리법에 따른 수입신고를 필함",
        "원료구성": "연어, 완두콩, 완두전분, 완두콩단백질, 병아리콩, 농축대두단백질, 닭기름, 닭간, 비트식이섬유, 흰생선분(대구), 아마인, 제일인산칼슘, 타피오카전분, 카놀라유, 맥주효모, 계란분말, 탄산칼슘, 코코넛, 강황, 염화칼륨, 산성피로인산나트륨, 정제소금, 레시틴 등",
        "성분구성": "조단백질 28.0%이상, 조지방 13.0%이상, 조섬유 4.0%이하, 조회분 10.0%이하, 칼슘 1.0%이상, 인 1.0%이상, 수분 10.0%이하",
        "현재 재고 수량": "15개",
        "소비자 상담 전화": "마마캣 고객센터 (1544-6141)",
        "제품 포장 유형": "통포장 (지퍼팩 있음)"
    },
    {
        "id": 998,
        "name": "하림 더리얼 캣 그레인프리 크런치 연어 어덜트 1kg",
        "image": "https://mamacat.co.kr/web/product/big/20191202/680b4e481d0b78e0e1eb55a53c9efb18.jpg",
        "상품 간략설명": "성묘용 | 홀리스틱 (2160원/100g당)",
        "가격정책": "마마캣 회원등급 할인 상품",
        "유통기한": "2022.05.26.",
        "사료등급": "홀리스틱",
        "정상 소비자가": "24,000원",
        "마마캣 판매가": "21,600원",
        "가장 높은 회원등급 할인 적용시 구매가": "20,520원 (최대 1,080원 할인)",
        "원산지": "대한민국",
        "제조자 | 수입자": "㈜하림펫푸드",
        "사용 연령": "성묘용 (12개월 이상)",
        "100g 가격": "2160원",
        "포장단위별 용량, 수량": "1kg",
        "법에 의한 인증 및 허가": "사료관리법에 따른 수입신고를 필함",
        "원료구성": "연어, 완두콩, 완두콩 단백질, 닭기름, 농축대두단백질, 완두 전분, 타피오카 전분, 흰색생선분(대구), 비트 식이섬유, 닭간, 병아리콩, 아마인, 제일인산칼슘, 맥주효모, 계란분말, 카놀라유, 탄산칼슘, 염화칼륨, 산성피로인산나트륨, DL-메티오닌, 정제소금 등",
        "성분구성": "조단백질 32.0%이상, 조지방 15.0% 이상, 조섬유 6.0%이하, 조회분 12.0%이하, 칼슘 0.9%이상, 인 0.9%이상, 수분 10.0%이하",
        "현재 재고 수량": "14개",
        "소비자 상담 전화": "마마캣 고객센터 (1544-6141)",
        "제품 포장 유형": "통포장 (지퍼팩 있음)"
    },
    {
        "id": 999,
        "name": "헤일로 캣 주식캔 어덜트 그레인프리 연어 스튜 156g",
        "image": "https://mamacat.co.kr/web/product/big/202008/ab2f611b012d926d9f064aab2215bb70.png",
        "가격정책": "마마캣 회원등급 할인 상품",
        "유통기한": "2023.05.14.",
        "정상 소비자가": "4,500원",
        "마마캣 판매가": "4,500원",
        "가장 높은 회원등급 할인 적용시 구매가": "4,280원 (최대 220원 할인)",
        "원산지": "미국",
        "제조자 | 수입자": "HALO | 우리와 주식회사",
        "사용 연령": "성묘용 (12개월 이상)",
        "100g 가격": "2,884원",
        "포장단위별 용량, 수량": "156g",
        "원료구성": "연어, 정제수, 닭간, 칠면조, 당근, 완두콩, 셀러리, 풋강낭콩, 고구마, 겨잣잎, 오크라, 구아검, 제인산칼슘, 염화칼륨, 호박, 아마씨유, 잔탄검, 미량광물질류합제 (철-아미노산킬레이트, 아연-아미노산킬레이트 등), 염화콜린, 비타민제합제 등",
        "성분구성": "조단백질 9.0%이상, 조지방 6.0%이상, 조섬유 1.5%이하, 조회분 3.4%이하, 칼슘 0.3%이상, 인 0.2%이상, 수분 84.0%이하, 타우린 0.05%이상",
        "현재 재고 수량": "41개",
        "소비자 상담 전화": "마마캣 고객센터(1588-6141)",
        "제품 포장 유형": "캔",
        "권장 급여량": "(1일) 고양이 몸무게 1kg 당 약 62g씩 하루 두 번에 나누어 급여하세요",
        "제품 보관방법": "직사광선이 없는 곳에 실온보관",
        "제품 타입": "파테"
    },
    {
        "id": 1000,
        "name": "헤일로 캣 주식캔 어덜트 그레인프리 치킨 스튜 156g",
        "image": "https://mamacat.co.kr/web/product/big/202008/5c11dec8267d09663cb6b5324851fece.png",
        "가격정책": "마마캣 회원등급 할인 상품",
        "유통기한": "2023.05.04.",
        "정상 소비자가": "4,500원",
        "마마캣 판매가": "4,500원",
        "가장 높은 회원등급 할인 적용시 구매가": "4,280원 (최대 220원 할인)",
        "원산지": "미국",
        "제조자 | 수입자": "HALO | 우리와 주식회사",
        "사용 연령": "성묘용 (12개월 이상)",
        "100g 가격": "2,884원",
        "포장단위별 용량, 수량": "156g",
        "원료구성": "닭고기, 닭고기 육수, 닭간, 당근, 칠면조, 풋강낭콩, 완두콩, 샐러리, 고구마, 구아검, 잔탄검, 염화칼륨, 호박, 아마씨유, 미량광물질류합제 (철-아미노산 킬레이트, 아연-아미노산킬레이트 등), 염화콜린, 비타민제합제 등",
        "성분구성": "조단백질 9.0%이상, 조지방 6.0%이상, 조섬유 1.5%이하, 조회분 2.4%이하, 칼슘 0.3%이상, 인 0.2%이상, 수분 84.0%이하, 타우린 0.05%이상",
        "현재 재고 수량": "28개",
        "소비자 상담 전화": "마마캣 고객센터(1588-6141)",
        "제품 포장 유형": "캔",
        "권장 급여량": "(1일) 고양이 몸무게 1kg 당 약 62g씩 하루 두 번에 나누어 급여하세요",
        "제품 보관방법": "직사광선이 없는 곳에 실온보관",
        "제품 타입": "파테"
    },
    {
        "id": 1001,
        "name": "헤일로 캣 주식캔 어덜트 그레인프리 칠면조 스튜 156g",
        "image": "https://mamacat.co.kr/web/product/big/202008/b8fef1c41efc2f2f91509fcdbb4af859.png",
        "가격정책": "마마캣 회원등급 할인 상품",
        "유통기한": "2023.02.21.",
        "정상 소비자가": "4,500원",
        "마마캣 판매가": "4,500원",
        "가장 높은 회원등급 할인 적용시 구매가": "4,280원 (최대 220원 할인)",
        "원산지": "미국",
        "제조자 | 수입자": "HALO | 우리와 주식회사",
        "사용 연령": "성묘용 (12개월 이상)",
        "100g 가격": "2,884원",
        "포장단위별 용량, 수량": "156g",
        "원료구성": "칠면조, 칠면조육수, 닭간, 당근, 풋강낭콩, 셀러리, 고구마, 완두콩, 제삼인산칼슘, 겨잣잎, 오크라, 구아검, 아마씨유, 염화칼륨, 호박, 잔탄검, 미량광물질류합제 (철-아미노산킬레이트, 아연-아미노산킬레이트 등), 염화콜린, 베타민제합제 등",
        "성분구성": "조단백질 8.0%이상, 조지방 6.0%이상, 조섬유 1.5%이하, 조회분 2.4%이하, 칼슘 0.3%이상, 인 0.2%이상, 수분 84.0%이하, 타우린 0.05%이상",
        "현재 재고 수량": "48개",
        "소비자 상담 전화": "마마캣 고객센터(1588-6141)",
        "제품 포장 유형": "캔",
        "권장 급여량": "(1일) 고양이 몸무게 1kg 당 약 62g씩 하루 두 번에 나누어 급여하세요",
        "제품 보관방법": "직사광선이 없는 곳에 실온보관",
        "제품 타입": "파테"
    },
    {
        "id": 1002,
        "name": "헤일로 캣 주식캔 키튼 그레인프리 흰살생선 레시피 85g",
        "image": "https://mamacat.co.kr/web/product/big/202008/0a6b27837a3140e3ce481917875c0011.png",
        "가격정책": "마마캣 회원등급 할인 상품",
        "유통기한": "2023.02.28.",
        "정상 소비자가": "3,500원",
        "마마캣 판매가": "3,500원",
        "가장 높은 회원등급 할인 적용시 구매가": "3,330원 (최대 170원 할인)",
        "원산지": "미국",
        "제조자 | 수입자": "HALO | 우리와 주식회사",
        "사용 연령": "자묘용 (12개월 이하)",
        "100g 가격": "4,117원",
        "포장단위별 용량, 수량": "85g",
        "원료구성": "흰살생선, 칠면조, 칠면조육수, 야채육수, 칠면조 간, 연어, 연어오일, 천연향미제합제 (글루탐산글루코오스), 아마씨, 한천, 염화칼륨, 타우린, 크랜베리, 소금, 염화콜린, 민들레어린잎, 황산마그네슘, 유카추출물, 파슬리, 미량광물질류합제 등",
        "성분구성": "조단백질 10.%이상, 조지방 5.5%이상, 조섬유 1.25%이하, 조회분 3.2%이하, 칼슘 0.3%이상, 인 0.2%이상, 수분 78.0%이하, DHA 0.2%이상",
        "현재 재고 수량": "40개",
        "소비자 상담 전화": "마마캣 고객센터(1588-6141)",
        "제품 포장 유형": "캔",
        "권장 급여량": "(1일) 생후 20주까지는 하루 3~4번에 걸쳐 먹을 수 있는 만큼 충분히 급여하세요. 생후 21주~30주까지는 고양이 몸무게 1kg 당 94g씩 생후 31주~52주까지는 고양이 몸무게 1kg 당 62g씩",
        "제품 보관방법": "직사광선이 없는 곳에 실온보관",
        "제품 타입": "파테"
    },
    {
        "id": 1003,
        "name": "헤일로 캣 홀리스틱 그레인프리 센서티브 씨푸드 메들리 1.36kg",
        "image": "https://mamacat.co.kr/web/product/big/20200506/f8e9b7a378d05e5765190f66317bf171.jpg",
        "상품 간략설명": "성묘용 | 홀리스틱 (2132원/100g당)",
        "가격정책": "마마캣 회원등급 할인 상품",
        "유통기한": "2021.12.24.",
        "사료등급": "홀리스틱",
        "정상 소비자가": "29,000원",
        "마마캣 판매가": "29,000원",
        "가장 높은 회원등급 할인 적용시 구매가": "27,550원 (최대 1,450원 할인)",
        "원산지": "미국",
        "제조자 | 수입자": "HALO | 대산앤컴퍼니",
        "사용 연령": "성묘용 (1세 이상)",
        "메나디온 성분 유무": "미포함",
        "100g 가격": "2132원",
        "포장단위별 용량, 수량": "1.36kg",
        "법에 의한 인증 및 허가": "사료관리법에 따른 수입신고를 필함",
        "원료구성": "흰살생선, 연어, 전란, 귀리, 완두콩 분말, 콩단백질, 보리, 계유, 감자단백질, 아마씨, 천연액상향미제, 완두콩 식이섬유, 황산칼슘, 천연고형향미제, 제이인산칼슘, 프로바이오틱(효모(사카로미세스세레비시아), 바실러스코아글란스) 등",
        "성분구성": "조단백 32.0% 이상, 조지방 16.0% 이상, 조섬유 5.0% 이하, 조회분 8.0% 이하, 칼슘 0.6% 이상, 인 0.5% 이상, 수분 10.0% 이하",
        "현재 재고 수량": "17개",
        "소비자 상담 전화": "마마캣 고객센터 (1544-6141)"
    },
    {
        "id": 1004,
        "name": "헤일로 캣 홀리스틱 그레인프리 센서티브 씨푸드 메들리 2.72kg",
        "image": "https://mamacat.co.kr/web/product/big/20200506/a9f575fcf8415c61072b1947ba9ef720.jpg",
        "상품 간략설명": "성묘용 | 홀리스틱 (2022원/100g당)",
        "가격정책": "마마캣 회원등급 할인 상품",
        "유통기한": "2022.03.06.",
        "사료등급": "홀리스틱",
        "정상 소비자가": "55,000원",
        "마마캣 판매가": "55,000원",
        "가장 높은 회원등급 할인 적용시 구매가": "52,250원 (최대 2,750원 할인)",
        "원산지": "미국",
        "제조자 | 수입자": "HALO | 대산앤컴퍼니",
        "사용 연령": "성묘용 (1세 이상)",
        "메나디온 성분 유무": "미포함",
        "100g 가격": "2022원",
        "포장단위별 용량, 수량": "2.72kg",
        "법에 의한 인증 및 허가": "사료관리법에 따른 수입신고를 필함",
        "원료구성": "흰살생선, 연어, 전란, 귀리, 완두콩 분말, 콩단백질, 보리, 계유, 감자단백질, 아마씨, 천연액상향미제, 완두콩 식이섬유, 황산칼슘, 천연고형향미제, 제이인산칼슘, 프로바이오틱(효모(사카로미세스세레비시아), 바실러스코아글란스) 등",
        "성분구성": "조단백 32.0% 이상, 조지방 16.0% 이상, 조섬유 5.0% 이하, 조회분 8.0% 이하, 칼슘 0.6% 이상, 인 0.5% 이상, 수분 10.0% 이하",
        "현재 재고 수량": "7개",
        "소비자 상담 전화": "마마캣 고객센터 (1544-6141)"
    },
    {
        "id": 1005,
        "name": "헤일로 캣 홀리스틱 그레인프리 인도어 헬씨웨이트 연어&흰살생선 1.36kg",
        "image": "https://mamacat.co.kr/web/product/big/20200506/586866503da601a9ca7a27d3ba0fea75.jpg",
        "상품 간략설명": "성묘용 | 홀리스틱 (2132원/100g당)",
        "가격정책": "마마캣 회원등급 할인 상품",
        "유통기한": "2022.06.11.",
        "사료등급": "홀리스틱",
        "정상 소비자가": "29,000원",
        "마마캣 판매가": "29,000원",
        "가장 높은 회원등급 할인 적용시 구매가": "27,550원 (최대 1,450원 할인)",
        "원산지": "미국",
        "제조자 | 수입자": "HALO | 대산앤컴퍼니",
        "사용 연령": "성묘용 (1세 이상)",
        "메나디온 성분 유무": "미포함",
        "100g 가격": "2132원",
        "포장단위별 용량, 수량": "1.36kg",
        "법에 의한 인증 및 허가": "사료관리법에 따른 수입신고를 필함",
        "원료구성": "연어, 흰살생선, 전란, 완두콩 분말, 건조 병아리콩, 콩단백질, 감자분말, 아마씨, 완두콩 식이섬유, 감자단백질, 천연액상향미제, 계유, 황산칼슘, 천연고형향미제, 제이인산칼슘, 프로바이오틱(효모(사카로미세스세레비시아), 바실러스코아글란스) 등",
        "성분구성": "조단백 32.0% 이상, 조지방 16.0% 이상, 조섬유 5.0% 이하, 조회분 8.0% 이하, 칼슘 0.6% 이상, 인 0.5% 이상, 수분 10.0% 이하",
        "현재 재고 수량": "9개",
        "소비자 상담 전화": "마마캣 고객센터 (1544-6141)"
    },
    {
        "id": 1006,
        "name": "헤일로 캣 홀리스틱 그레인프리 인도어 헬씨웨이트 연어&흰살생선 2.72kg",
        "image": "https://mamacat.co.kr/web/product/big/20200506/f136770aee0eb4f075f1221a0582baf0.jpg",
        "상품 간략설명": "성묘용 | 홀리스틱 (2022원/100g당)",
        "가격정책": "마마캣 회원등급 할인 상품",
        "유통기한": "2022.03.07.",
        "사료등급": "홀리스틱",
        "정상 소비자가": "55,000원",
        "마마캣 판매가": "55,000원",
        "가장 높은 회원등급 할인 적용시 구매가": "52,250원 (최대 2,750원 할인)",
        "원산지": "미국",
        "제조자 | 수입자": "HALO | 대산앤컴퍼니",
        "사용 연령": "성묘용 (1세 이상)",
        "메나디온 성분 유무": "미포함",
        "100g 가격": "2022원",
        "포장단위별 용량, 수량": "2.72kg",
        "법에 의한 인증 및 허가": "사료관리법에 따른 수입신고를 필함",
        "원료구성": "연어, 흰살생선, 전란, 완두콩 분말, 건조 병아리콩, 콩단백질, 감자분말, 아마씨, 완두콩 식이섬유, 감자단백질, 천연액상향미제, 계유, 황산칼슘, 천연고형향미제, 제이인산칼슘, 프로바이오틱(효모(사카로미세스세레비시아), 바실러스코아글란스) 등",
        "성분구성": "조단백 32.0% 이상, 조지방 16.0% 이상, 조섬유 5.0% 이하, 조회분 8.0% 이하, 칼슘 0.6% 이상, 인 0.5% 이상, 수분 10.0% 이하",
        "현재 재고 수량": "5개",
        "소비자 상담 전화": "마마캣 고객센터 (1544-6141)"
    },
    {
        "id": 1007,
        "name": "헤일로 캣 홀리스틱 그레인프리 인도어 헬씨웨이트 연어&흰살생선 4.54kg",
        "image": "https://mamacat.co.kr/web/product/big/20200506/8bca1e7366a3572b3360af9cfa96af62.jpg",
        "상품 간략설명": "성묘용 | 홀리스틱 (1960원/100g당)",
        "가격정책": "마마캣 회원등급 할인 상품",
        "유통기한": "2022.03.07.",
        "사료등급": "홀리스틱",
        "정상 소비자가": "89,000원",
        "마마캣 판매가": "89,000원",
        "가장 높은 회원등급 할인 적용시 구매가": "84,550원 (최대 4,450원 할인)",
        "원산지": "미국",
        "제조자 | 수입자": "HALO | 대산앤컴퍼니",
        "사용 연령": "성묘용 (1세 이상)",
        "메나디온 성분 유무": "미포함",
        "100g 가격": "1960원",
        "포장단위별 용량, 수량": "4.54kg",
        "법에 의한 인증 및 허가": "사료관리법에 따른 수입신고를 필함",
        "원료구성": "연어, 흰살생선, 전란, 완두콩 분말, 건조 병아리콩, 콩단백질, 감자분말, 아마씨, 완두콩 식이섬유, 감자단백질, 천연액상향미제, 계유, 황산칼슘, 천연고형향미제, 제이인산칼슘, 프로바이오틱(효모(사카로미세스세레비시아), 바실러스코아글란스) 등",
        "성분구성": "조단백 32.0% 이상, 조지방 16.0% 이상, 조섬유 5.0% 이하, 조회분 8.0% 이하, 칼슘 0.6% 이상, 인 0.5% 이상, 수분 10.0% 이하",
        "현재 재고 수량": "4개",
        "소비자 상담 전화": "마마캣 고객센터 (1544-6141)"
    },
    {
        "id": 1008,
        "name": "헤일로 캣 홀리스틱 그레인프리 인도어 헬씨웨이트 치킨&치킨간 1.36kg",
        "image": "https://mamacat.co.kr/web/product/big/20200506/f4a0d75f89a733054f2b141cf0b93345.jpg",
        "상품 간략설명": "성묘용 | 홀리스틱 (2132원/100g당)",
        "가격정책": "마마캣 회원등급 할인 상품",
        "유통기한": "2022.08.27.",
        "사료등급": "홀리스틱",
        "정상 소비자가": "29,000원",
        "마마캣 판매가": "29,000원",
        "가장 높은 회원등급 할인 적용시 구매가": "27,550원 (최대 1,450원 할인)",
        "원산지": "미국",
        "제조자 | 수입자": "HALO | 대산앤컴퍼니",
        "사용 연령": "성묘용 (1세 이상)",
        "메나디온 성분 유무": "미포함",
        "100g 가격": "2132원",
        "포장단위별 용량, 수량": "1.36kg",
        "법에 의한 인증 및 허가": "사료관리법에 따른 수입신고를 필함",
        "원료구성": "닭, 닭간, 전란, 완두콩 분말, 건조 병아리콩, 콩 단백질, 감자분말, 아마씨, 완두콩 식이섬유, 천연액상향미제, 감자단백질, 계유, 연어오일, 황산칼슘, 천연고형향미제, 제이인산칼슘,프로바이오틱(효모(사카로미세스세레비시아), 바실러스코아글란스) 등",
        "성분구성": "조단백 32.0% 이상, 조지방 16.0% 이상, 조섬유 5.0% 이하, 조회분 8.0% 이하, 칼슘 0.6% 이하, 인 0.5% 이상, 수분 10.0% 이하",
        "현재 재고 수량": "8개",
        "소비자 상담 전화": "마마캣 고객센터 (1544-6141)"
    },
    {
        "id": 1009,
        "name": "헤일로 캣 홀리스틱 그레인프리 인도어 헬씨웨이트 치킨&치킨간 2.72kg",
        "image": "https://mamacat.co.kr/web/product/big/20200506/1fa7a10771e40c23501df438d7aa34c4.jpg",
        "상품 간략설명": "성묘용 | 홀리스틱 (2022원/100g당)",
        "가격정책": "마마캣 회원등급 할인 상품",
        "유통기한": "2022.03.08.",
        "사료등급": "홀리스틱",
        "정상 소비자가": "55,000원",
        "마마캣 판매가": "55,000원",
        "가장 높은 회원등급 할인 적용시 구매가": "52,250원 (최대 2,750원 할인)",
        "원산지": "미국",
        "제조자 | 수입자": "HALO | 대산앤컴퍼니",
        "사용 연령": "성묘용 (1세 이상)",
        "메나디온 성분 유무": "미포함",
        "100g 가격": "2022원",
        "포장단위별 용량, 수량": "2.72kg",
        "법에 의한 인증 및 허가": "사료관리법에 따른 수입신고를 필함",
        "원료구성": "닭, 닭간, 전란, 완두콩 분말, 건조 병아리콩, 콩 단백질, 감자분말, 아마씨, 완두콩 식이섬유, 천연액상향미제, 감자단백질, 계유, 연어오일, 황산칼슘, 천연고형향미제, 제이인산칼슘,프로바이오틱(효모(사카로미세스세레비시아), 바실러스코아글란스) 등",
        "성분구성": "조단백 32.0% 이상, 조지방 16.0% 이상, 조섬유 5.0% 이하, 조회분 8.0% 이하, 칼슘 0.6% 이하, 인 0.5% 이상, 수분 10.0% 이하",
        "현재 재고 수량": "6개",
        "소비자 상담 전화": "마마캣 고객센터 (1544-6141)"
    },
    {
        "id": 1010,
        "name": "헤일로 캣 홀리스틱 그레인프리 인도어 헬씨웨이트 치킨&치킨간 4.54kg",
        "image": "https://mamacat.co.kr/web/product/big/20200506/1e8f66561a331de1e7ddc3f7aae7fd6f.jpg",
        "상품 간략설명": "성묘용 | 홀리스틱 (1960원/100g당)",
        "가격정책": "마마캣 회원등급 할인 상품",
        "유통기한": "2022.06.09.",
        "사료등급": "홀리스틱",
        "정상 소비자가": "89,000원",
        "마마캣 판매가": "89,000원",
        "가장 높은 회원등급 할인 적용시 구매가": "84,550원 (최대 4,450원 할인)",
        "원산지": "미국",
        "제조자 | 수입자": "HALO | 대산앤컴퍼니",
        "사용 연령": "성묘용 (1세 이상)",
        "메나디온 성분 유무": "미포함",
        "100g 가격": "1960원",
        "포장단위별 용량, 수량": "4.54kg",
        "법에 의한 인증 및 허가": "사료관리법에 따른 수입신고를 필함",
        "원료구성": "닭, 닭간, 전란, 완두콩 분말, 건조 병아리콩, 콩 단백질, 감자분말, 아마씨, 완두콩 식이섬유, 천연액상향미제, 감자단백질, 계유, 연어오일, 황산칼슘, 천연고형향미제, 제이인산칼슘,프로바이오틱(효모(사카로미세스세레비시아), 바실러스코아글란스) 등",
        "성분구성": "조단백 32.0% 이상, 조지방 16.0% 이상, 조섬유 5.0% 이하, 조회분 8.0% 이하, 칼슘 0.6% 이하, 인 0.5% 이상, 수분 10.0% 이하",
        "현재 재고 수량": "3개",
        "소비자 상담 전화": "마마캣 고객센터 (1544-6141)"
    },
    {
        "id": 1011,
        "name": "헤일로 캣 홀리스틱 그레인프리 키튼 연어&흰살생선 1.36kg",
        "image": "https://mamacat.co.kr/web/product/big/20200506/d8bf30b333ada8cd2977897d8a1f2063.jpg",
        "상품 간략설명": "자묘용 | 홀리스틱 (2132원/100g당)",
        "가격정책": "마마캣 회원등급 할인 상품",
        "유통기한": "2021.11.14.",
        "사료등급": "홀리스틱",
        "정상 소비자가": "29,000원",
        "마마캣 판매가": "29,000원",
        "가장 높은 회원등급 할인 적용시 구매가": "27,550원 (최대 1,450원 할인)",
        "원산지": "미국",
        "제조자 | 수입자": "HALO | 대산앤컴퍼니",
        "사용 연령": "자묘용 (1세 이하)",
        "메나디온 성분 유무": "미포함",
        "100g 가격": "2132원",
        "포장단위별 용량, 수량": "1.36kg",
        "법에 의한 인증 및 허가": "사료관리법에 따른 수입신고를 필함",
        "원료구성": "연어, 흰살생선, 전란, 완두콩 분말, 건조 병아리콩, 콩단백질, 계유, 감자단백질, 아마씨, 렌틸콩, 천연액상향미제, 완두콩 식이섬유, 황산칼슘, 천연고형향미제, 제이인산칼슘, 프로바이오틱(효모(사카로미세스세레비시아), 바실러스코아글란스) 등",
        "성분구성": "조단백 33.0% 이상, 조지방 19.0% 이상, 조섬유 5.0% 이하, 조회분 8.0% 이하, 칼슘 1.0% 이상, 인 0.8% 이상, 수분 10.0% 이하",
        "현재 재고 수량": "9개",
        "소비자 상담 전화": "마마캣 고객센터 (1544-6141)"
    },
    {
        "id": 1012,
        "name": "헤일로 캣 홀리스틱 그레인프리 키튼 연어&흰살생선 2.72kg",
        "image": "https://mamacat.co.kr/web/product/big/20200506/4b7c14e04794190270e79ad93631900d.jpg",
        "상품 간략설명": "자묘용 | 홀리스틱 (2022원/100g당)",
        "가격정책": "마마캣 회원등급 할인 상품",
        "유통기한": "2021.11.14.",
        "사료등급": "홀리스틱",
        "정상 소비자가": "55,000원",
        "마마캣 판매가": "55,000원",
        "가장 높은 회원등급 할인 적용시 구매가": "52,250원 (최대 2,750원 할인)",
        "원산지": "미국",
        "제조자 | 수입자": "HALO | 대산앤컴퍼니",
        "사용 연령": "자묘용 (1세 이하)",
        "메나디온 성분 유무": "미포함",
        "100g 가격": "2022원",
        "포장단위별 용량, 수량": "2.72kg",
        "법에 의한 인증 및 허가": "사료관리법에 따른 수입신고를 필함",
        "원료구성": "연어, 흰살생선, 전란, 완두콩 분말, 건조 병아리콩, 콩단백질, 계유, 감자단백질, 아마씨, 렌틸콩, 천연액상향미제, 완두콩 식이섬유, 황산칼슘, 천연고형향미제, 제이인산칼슘, 프로바이오틱(효모(사카로미세스세레비시아), 바실러스코아글란스) 등",
        "성분구성": "조단백 33.0% 이상, 조지방 19.0% 이상, 조섬유 5.0% 이하, 조회분 8.0% 이하, 칼슘 1.0% 이상, 인 0.8% 이상, 수분 10.0% 이하",
        "현재 재고 수량": "6개",
        "소비자 상담 전화": "마마캣 고객센터 (1544-6141)"
    },
    {
        "id": 1013,
        "name": "후새 캣 그레인프리 링크스 시니어 치킨 7kg",
        "image": "https://mamacat.co.kr/web/product/big/202010/14db72fbc1553cc180a9fa1f776925f6.jpg",
        "상품 간략설명": "노묘용 | 홀리스틱 (1,335원/100g당)",
        "가격정책": "마마캣 회원등급 할인 상품",
        "유통기한": "2022.04.12.",
        "사료등급": "홀리스틱 (1등급)",
        "정상 소비자가": "93,500원",
        "마마캣 판매가": "93,500원",
        "가장 높은 회원등급 할인 적용시 구매가": "88,830원 (최대 4,670원 할인)",
        "원산지": "벨기에",
        "제조자 | 수입자": "Trademark Service LE AB | 미니맥스",
        "사용 연령": "노묘용 (7세 이상)",
        "100g 가격": "1,335원",
        "포장단위별 용량, 수량": "7kg",
        "법에 의한 인증 및 허가": "성분등록번호 : 제 VVHDW0034호",
        "원료구성": "닭고기, 감자, 콩, 동물성지방 (돼지), 가수분해동물성단백질 (닭고기), 식물성섬유소, 연어, 연어오일, 맥주효모, 건조전란, 프락토올리고당, 메리골드, 로즈마리, 녹차, 레시틴, 유카(125mg/kg), 비타민제합제, 엽산, 염화콜린, 비오틴, 철분, L-카르니틴 등",
        "성분구성": "조단백질 37.0%이상, 조지방 17.0%이상, 조회분 7.5%이하, 조섬유 5.5%이하, 칼슘 1.2%이상, 인 1.0%이상",
        "현재 재고 수량": "4개",
        "소비자 상담 전화": "마마캣 고객센터(1588-6141)",
        "제품 포장 유형": "통포장 (지퍼팩 없음)",
        "권장 급여량": "(1일) 3-4kg : 40-50g 4-5kg : 50-60g 5-7kg : 60-70g 8-9kg : 70-80g 급여량은 반려묘의 건강상태, 연령, 활동량, 생활환경, 간식에 따라 달라질 수 있습니다.",
        "제품 보관방법": "직사광선을 피해 서늘하고 건조한 곳에 보관해주세요",
        "제품 타입": "건식사료 : 익스트루젼(팽화)"
    },
    {
        "id": 1014,
        "name": "후새 캣 그레인프리 오퍼스 링크스 치킨 2kg",
        "image": "https://mamacat.co.kr/web/product/big/202010/4d997ebc08ae8a74b3c2cc5c683bfdc9.jpg",
        "상품 간략설명": "성묘용 | 홀리스틱 (2,025원/100g당)",
        "가격정책": "마마캣 회원등급 할인 상품",
        "유통기한": "2021.10.21",
        "사료등급": "홀리스틱 (1등급)",
        "정상 소비자가": "40,500원",
        "마마캣 판매가": "40,500원",
        "가장 높은 회원등급 할인 적용시 구매가": "38,480원 (최대 2,020원 할인)",
        "원산지": "벨기에",
        "제조자 | 수입자": "Trademark Service LE AB | 미니맥스",
        "사용 연령": "성묘용 (12개월 이상)",
        "100g 가격": "2,025원",
        "포장단위별 용량, 수량": "2kg",
        "법에 의한 인증 및 허가": "성분등록번호 : 제 VVHDW0020호",
        "원료구성": "닭고기, 감자, 콩, 동물성지방 (닭,돼지), 가수분해동물성단백질 (닭고기), 식물성섬유소, 연어, 연어오일, 맥주효모, 건조전란, 프락토올리고당, 메리골드, 로즈마리, 녹차, 레시틴, 유카 (125mg/kg), 비타민제합제, 엽산 염화콜린 등",
        "성분구성": "조단백질 40.0%이상, 조지방 20.0%이상, 조회분 7.5%이하, 조섬유 2.5%이하, 칼슘 1.2%이상, 인 1.0%이상",
        "현재 재고 수량": "3개",
        "소비자 상담 전화": "마마캣 고객센터(1588-6141)",
        "제품 포장 유형": "통포장 (지퍼팩 없음)",
        "권장 급여량": "(1일) 3-4kg : 20-35g 4-5kg : 30-50g 5-7kg : 50-65g 8-9kg : 65-80g 급여량은 반려묘의 건강상태, 연령, 활동량, 생활환경, 간식에 따라 달라질 수 있습니다.",
        "제품 보관방법": "직사광선을 피해 서늘하고 건조한 곳에 보관해주세요",
        "제품 타입": "건식사료 : 익스트루젼(팽화)"
    },
    {
        "id": 1015,
        "name": "후새 캣 그레인프리 오퍼스 링크스 치킨 7kg",
        "image": "https://mamacat.co.kr/web/product/big/202010/8ee74644891960b1dc81b336b0e9f68c.jpg",
        "상품 간략설명": "성묘용 | 홀리스틱 (1,407원/100g당)",
        "가격정책": "마마캣 회원등급 할인 상품",
        "유통기한": "2021.12.05",
        "사료등급": "홀리스틱 (1등급)",
        "정상 소비자가": "98,500원",
        "마마캣 판매가": "98,500원",
        "가장 높은 회원등급 할인 적용시 구매가": "93,580원 (최대 4,920원 할인)",
        "원산지": "벨기에",
        "제조자 | 수입자": "Trademark Service LE AB | 미니맥스",
        "사용 연령": "성묘용 (12개월 이상)",
        "100g 가격": "1,407원",
        "포장단위별 용량, 수량": "7kg",
        "법에 의한 인증 및 허가": "성분등록번호 : 제 VVHDW0020호",
        "원료구성": "닭고기, 감자, 콩, 동물성지방 (닭,돼지), 가수분해동물성단백질 (닭고기), 식물성섬유소, 연어, 연어오일, 맥주효모, 건조전란, 프락토올리고당, 메리골드, 로즈마리, 녹차, 레시틴, 유카 (125mg/kg), 비타민제합제, 엽산 염화콜린 등",
        "성분구성": "조단백질 40.0%이상, 조지방 20.0%이상, 조회분 7.5%이하, 조섬유 2.5%이하, 칼슘 1.2%이상, 인 1.0%이상",
        "현재 재고 수량": "3개",
        "소비자 상담 전화": "마마캣 고객센터(1588-6141)",
        "제품 포장 유형": "통포장 (지퍼팩 없음)",
        "권장 급여량": "(1일) 3-4kg : 20-35g 4-5kg : 30-50g 5-7kg : 50-65g 8-9kg : 65-80g 급여량은 반려묘의 건강상태, 연령, 활동량, 생활환경, 간식에 따라 달라질 수 있습니다.",
        "제품 보관방법": "직사광선을 피해 서늘하고 건조한 곳에 보관해주세요",
        "제품 타입": "건식사료 : 익스트루젼(팽화)"
    },
    {
        "id": 1016,
        "name": "후새 캣 스테럴라이즈드 치킨 2kg",
        "image": "https://mamacat.co.kr/web/product/big/202010/52a3a2e18ce891db10dc03fba0fd6fa2.jpg",
        "상품 간략설명": "성묘용 | 슈퍼프리미엄 (1,775원/100g당)",
        "가격정책": "마마캣 회원등급 할인 상품",
        "유통기한": "2022.02.18.",
        "사료등급": "슈퍼프리미엄 (2등급)",
        "정상 소비자가": "35,500원",
        "마마캣 판매가": "35,500원",
        "가장 높은 회원등급 할인 적용시 구매가": "33,730원 (최대 1,770원 할인)",
        "원산지": "벨기에",
        "제조자 | 수입자": "Trademark Service LE AB | 미니맥스",
        "사용 연령": "성묘용 (12개월 이상)",
        "100g 가격": "1,775원",
        "포장단위별 용량, 수량": "2kg",
        "법에 의한 인증 및 허가": "성분등록번호 : 제 VVHDW0019호",
        "원료구성": "닭고기, 옥수수, 쌀, 옥수수글루텐, 통밀, 동물성지방, 셀룰로오스, 미네랄, 가수분해동물성단백질, 레시틴, 유카 (125mg/kg), 비타민제합제, 엽산, 염화콜린, 비오틴, 철분, L-카르니틴, 요오드, 구리, 망간, 아연, 셀레늄 등",
        "성분구성": "조단백질 29.%이상, 조지방 9.5%이상, 조회분 7.5%이하, 조섬유 4.0%이하, 칼슘 1.0%이상, 인 0.9%이상",
        "현재 재고 수량": "5개",
        "소비자 상담 전화": "마마캣 고객센터(1588-6141)",
        "제품 포장 유형": "통포장 (지퍼팩 없음)",
        "권장 급여량": "(1일) 3-4kg : 40-50g 4-5kg : 50-80g 5-7kg : 65-85g 8-9kg : 80-100g 급여량은 반려묘의 건강상태, 연령, 활동량, 생활환경, 간식에 따라 달라질 수 있습니다.",
        "제품 보관방법": "직사광선을 피해 서늘하고 건조한 곳에 보관해주세요",
        "제품 타입": "건식사료 : 익스트루젼(팽화)"
    },
    {
        "id": 1017,
        "name": "후새 캣 스테럴라이즈드 치킨 7kg",
        "image": "https://mamacat.co.kr/web/product/big/202010/ef9739cb330af4fde5dda04cbe323f2e.jpg",
        "상품 간략설명": "성묘용 | 슈퍼프리미엄 (1,235원/100g당)",
        "가격정책": "마마캣 회원등급 할인 상품",
        "유통기한": "2022.03.09",
        "사료등급": "슈퍼프리미엄 (2등급)",
        "정상 소비자가": "86,500원",
        "마마캣 판매가": "86,500원",
        "가장 높은 회원등급 할인 적용시 구매가": "82,180원 (최대 4,320원 할인)",
        "원산지": "벨기에",
        "제조자 | 수입자": "Trademark Service LE AB | 미니맥스",
        "사용 연령": "성묘용 (12개월 이상)",
        "100g 가격": "1,235원",
        "포장단위별 용량, 수량": "7kg",
        "법에 의한 인증 및 허가": "성분등록번호 : 제 VVHDW0019호",
        "원료구성": "닭고기, 옥수수, 쌀, 옥수수글루텐, 통밀, 동물성지방, 셀룰로오스, 미네랄, 가수분해동물성단백질, 레시틴, 유카 (125mg/kg), 비타민제합제, 엽산, 염화콜린, 비오틴, 철분, L-카르니틴, 요오드, 구리, 망간, 아연, 셀레늄 등",
        "성분구성": "조단백질 29.%이상, 조지방 9.5%이상, 조회분 7.5%이하, 조섬유 4.0%이하, 칼슘 1.0%이상, 인 0.9%이상",
        "현재 재고 수량": "3개",
        "소비자 상담 전화": "마마캣 고객센터(1588-6141)",
        "제품 포장 유형": "통포장 (지퍼팩 없음)",
        "권장 급여량": "(1일) 3-4kg : 40-50g 4-5kg : 50-80g 5-7kg : 65-85g 8-9kg : 80-100g 급여량은 반려묘의 건강상태, 연령, 활동량, 생활환경, 간식에 따라 달라질 수 있습니다.",
        "제품 보관방법": "직사광선을 피해 서늘하고 건조한 곳에 보관해주세요",
        "제품 타입": "건식사료 : 익스트루젼(팽화)"
    },
    {
        "id": 1018,
        "name": "후새 캣 유리너리 치킨 2kg",
        "image": "https://mamacat.co.kr/web/product/big/202010/465cfad287c6580e72f9726ebcfb1a30.jpg",
        "상품 간략설명": "성묘용 | 슈퍼프리미엄 (1,825원/100g당)",
        "가격정책": "마마캣 회원등급 할인 상품",
        "유통기한": "2022.01.03.",
        "사료등급": "슈퍼프리미엄 (2등급)",
        "정상 소비자가": "36,500원",
        "마마캣 판매가": "36,500원",
        "가장 높은 회원등급 할인 적용시 구매가": "34,680원 (최대 1,820원 할인)",
        "원산지": "벨기에",
        "제조자 | 수입자": "Trademark Service LE AB | 미니맥스",
        "사용 연령": "성묘용 (12개월 이상)",
        "100g 가격": "1,825원",
        "포장단위별 용량, 수량": "2kg",
        "법에 의한 인증 및 허가": "성분등록번호 : 제 VVHDW0018호",
        "원료구성": "닭고기, 쌀, 통밀, 동물성지방 (닭, 돼지), 옥수수글루텐, 옥수수, 가수분해동물성단백질 (닭고기), 소금, 연어, 연어오일, 미네랄, 맥주효모, 비트펄프, 건조전란, 염화칼륨, 프락토올리고당, 메티오닌, 크랜베리, 유카 (125mg/kg), 비타민제합제 등",
        "성분구성": "조단백질 26.0%이상, 조지방 20.0%이상, 조쇠분 6.5%이하, 조섬유 1.0%이하, 칼슘 0.6%이상, 인 0.55%이상",
        "현재 재고 수량": "6개",
        "소비자 상담 전화": "마마캣 고객센터(1588-6141)",
        "제품 포장 유형": "통포장 (지퍼팩 없음)",
        "권장 급여량": "(1일) 2-3kg : 24-40g 3-5kg : 40-65g 5-7kg : 65-95g 급여량은 반려묘의 건강상태, 연령, 활동량, 생활환경, 간식에 따라 달라질 수 있습니다.",
        "제품 보관방법": "직사광선을 피해 서늘하고 건조한 곳에 보관해주세요",
        "제품 타입": "건식사료 : 익스트루젼(팽화)"
    },
    {
        "id": 1019,
        "name": "후새 캣 유리너리 치킨 7kg",
        "image": "https://mamacat.co.kr/web/product/big/202010/9e7f1e69f644939a73f256eaf67083a1.jpg",
        "상품 간략설명": "성묘용 | 슈퍼프리미엄 (1,264원/100g당)",
        "가격정책": "마마캣 회원등급 할인 상품",
        "유통기한": "2022.05.26.",
        "사료등급": "슈퍼프리미엄 (2등급)",
        "정상 소비자가": "88,500원",
        "마마캣 판매가": "88,500원",
        "가장 높은 회원등급 할인 적용시 구매가": "84,080원 (최대 4,420원 할인)",
        "원산지": "벨기에",
        "제조자 | 수입자": "Trademark Service LE AB | 미니맥스",
        "사용 연령": "성묘용 (12개월 이상)",
        "100g 가격": "1,264원",
        "포장단위별 용량, 수량": "7kg",
        "법에 의한 인증 및 허가": "성분등록번호 : 제 VVHDW0018호",
        "원료구성": "닭고기, 쌀, 통밀, 동물성지방 (닭, 돼지), 옥수수글루텐, 옥수수, 가수분해동물성단백질 (닭고기), 소금, 연어, 연어오일, 미네랄, 맥주효모, 비트펄프, 건조전란, 염화칼륨, 프락토올리고당, 메티오닌, 크랜베리, 유카 (125mg/kg), 비타민제합제 등",
        "성분구성": "조단백질 26.0%이상, 조지방 20.0%이상, 조쇠분 6.5%이하, 조섬유 1.0%이하, 칼슘 0.6%이상, 인 0.55%이상",
        "현재 재고 수량": "3개",
        "소비자 상담 전화": "마마캣 고객센터(1588-6141)",
        "제품 포장 유형": "통포장 (지퍼팩 없음)",
        "권장 급여량": "(1일) 2-3kg : 24-40g 3-5kg : 40-65g 5-7kg : 65-95g 급여량은 반려묘의 건강상태, 연령, 활동량, 생활환경, 간식에 따라 달라질 수 있습니다.",
        "제품 보관방법": "직사광선을 피해 서늘하고 건조한 곳에 보관해주세요",
        "제품 타입": "건식사료 : 익스트루젼(팽화)"
    },
    {
        "id": 1020,
        "name": "후새 캣 크로케터 치킨 7kg",
        "image": "https://mamacat.co.kr/web/product/big/202010/d15460e08a098907ce3671acc78d3e6c.jpg",
        "상품 간략설명": "성묘용 | 슈퍼프리미엄 (953원/100g당)",
        "가격정책": "마마캣 회원등급 할인 상품",
        "유통기한": "2022.02.04.",
        "사료등급": "슈퍼프리미엄 (2등급)",
        "정상 소비자가": "78,500원",
        "마마캣 판매가": "78,500원",
        "가장 높은 회원등급 할인 적용시 구매가": "74,580원 (최대 3,920원 할인)",
        "원산지": "벨기에",
        "제조자 | 수입자": "Trademark Service LE AB | 미니맥스",
        "사용 연령": "성묘용 (12개월 이상)",
        "100g 가격": "1121원",
        "포장단위별 용량, 수량": "7kg",
        "법에 의한 인증 및 허가": "성분등록번호 : 제 VVHDW0013호",
        "원료구성": "닭고기, 돼지고기, 시리얼, 동물성지방 (닭,돼지), 통옥수수, 옥수구글루텐, 연어, 비트펄프, 가수분해동물성단백질 (닭고기), 효모, 소금, 건조당근, 유카 (125mg/kg), 비타민제합제, 엽산, 염화콜린 등",
        "성분구성": "조단백질 32.0%이상, 조지방 16.0%이상, 조회분 8.0%이하, 조섬유 2.5%이하, 칼슘 1.4%이상, 인 1.0%이상",
        "현재 재고 수량": "8개",
        "소비자 상담 전화": "마마캣 고객센터(1588-6141)",
        "제품 포장 유형": "통포장 (지퍼팩 없음)",
        "권장 급여량": "(1일) 50-80g 급여량은 반려묘의 건강상태, 연령, 활동량, 생활환경, 간식에 따라 달라질 수 있습니다.",
        "제품 보관방법": "직사광선을 피해 서늘하고 건조한 곳에 보관해주세요",
        "제품 타입": "건식사료 : 익스트루젼(팽화)"
    },
    {
        "id": 1021,
        "name": "후새 캣 키튼 치킨 2kg",
        "image": "https://mamacat.co.kr/web/product/big/202010/abb5754afb1093c42b0e0331797122fa.jpg",
        "상품 간략설명": "자묘용 | 슈퍼프리미엄 (1,775원/100g당)",
        "가격정책": "마마캣 회원등급 할인 상품",
        "유통기한": "2022.02.18.",
        "사료등급": "슈퍼프리미엄 (2등급)",
        "정상 소비자가": "35,500원",
        "마마캣 판매가": "35,500원",
        "가장 높은 회원등급 할인 적용시 구매가": "33,730원 (최대 1,770원 할인)",
        "원산지": "벨기에",
        "제조자 | 수입자": "Trademark Service LE AB | 미니맥스",
        "사용 연령": "자묘용 (12개월 이하)",
        "100g 가격": "1,775원",
        "포장단위별 용량, 수량": "2kg",
        "법에 의한 인증 및 허가": "성분등록번호 : 제 VVHDW0015호",
        "원료구성": "닭고기, 옥수수, 동물성지방 (닭, 돼지), 쌀, 옥수수글루텐, 통밀, 식물성섬유소, 가수분해동물성단백질 (닭고기), 연어, 연어오일, 미네랄, 효모, 건조전란, 프락토올리고당, 염화칼륨, 레시틴, 유카 (125mg/kg), 비타민제합제, 엽산, 염화콜린 등",
        "성분구성": "조단백질 34.0%이상, 조지방 21.0%이상, 조회분 7.0%이하, 조섬유 2.5%이하, 칼슘 1.2%이상, 인 1.0%이상",
        "현재 재고 수량": "5개",
        "소비자 상담 전화": "마마캣 고객센터(1588-6141)",
        "제품 포장 유형": "통포장 (지퍼팩 없음)",
        "권장 급여량": "(1일) 6-10주 : 20-75g 10-20주 : 35-105g 20-48주 : 45-105g 급여량은 반려묘의 건강상태, 연령, 활동량, 생활환경, 간식에 따라 달라질 수 있습니다.",
        "제품 보관방법": "직사광선을 피해 서늘하고 건조한 곳에 보관해주세요",
        "제품 타입": "건식사료 : 익스트루젼(팽화)"
    },
    {
        "id": 1022,
        "name": "후새 캣 키튼 치킨 7kg",
        "image": "https://mamacat.co.kr/web/product/big/202010/9eff1ba2e39087396ef2a68028c34f7d.jpg",
        "상품 간략설명": "자묘용 | 슈퍼프리미엄 (1,235원/100g당)",
        "가격정책": "마마캣 회원등급 할인 상품",
        "유통기한": "2021.11.08.",
        "사료등급": "슈퍼프리미엄 (2등급)",
        "정상 소비자가": "86,500원",
        "마마캣 판매가": "86,500원",
        "가장 높은 회원등급 할인 적용시 구매가": "82,180원 (최대 4,320원 할인)",
        "원산지": "벨기에",
        "제조자 | 수입자": "Trademark Service LE AB | 미니맥스",
        "사용 연령": "자묘용 (12개월 이하)",
        "100g 가격": "1,235원",
        "포장단위별 용량, 수량": "7kg",
        "법에 의한 인증 및 허가": "성분등록번호 : 제 VVHDW0015호",
        "원료구성": "닭고기, 옥수수, 동물성지방 (닭, 돼지), 쌀, 옥수수글루텐, 통밀, 식물성섬유소, 가수분해동물성단백질 (닭고기), 연어, 연어오일, 미네랄, 효모, 건조전란, 프락토올리고당, 염화칼륨, 레시틴, 유카 (125mg/kg), 비타민제합제, 엽산, 염화콜린 등",
        "성분구성": "조단백질 34.0%이상, 조지방 21.0%이상, 조회분 7.0%이하, 조섬유 2.5%이하, 칼슘 1.2%이상, 인 1.0%이상",
        "현재 재고 수량": "2개",
        "소비자 상담 전화": "마마캣 고객센터(1588-6141)",
        "제품 포장 유형": "통포장 (지퍼팩 없음)",
        "권장 급여량": "(1일) 6-10주 : 20-75g 10-20주 : 35-105g 20-48주 : 45-105g 급여량은 반려묘의 건강상태, 연령, 활동량, 생활환경, 간식에 따라 달라질 수 있습니다.",
        "제품 보관방법": "직사광선을 피해 서늘하고 건조한 곳에 보관해주세요",
        "제품 타입": "건식사료 : 익스트루젼(팽화)"
    },
    {
        "id": 1023,
        "name": "힐스 사이언스 다이어트 캣 어덜트 2kg",
        "image": "https://mamacat.co.kr/web/product/big/20200610/670aa13c61e66535873a677cd4147552.png",
        "상품 간략설명": "성묘용 | 슈퍼프리미엄 (1650원/100g당)",
        "가격정책": "마마캣 회원등급 할인 상품",
        "유통기한": "2022.06.23.",
        "사료등급": "슈퍼프리미엄 (2등급)",
        "정상 소비자가": "30,000원",
        "마마캣 판매가": "33,000원",
        "가장 높은 회원등급 할인 적용시 구매가": "31,350원 (최대 1,650원 할인)",
        "원산지": "미국",
        "제조자 | 수입자": "Hill's Pet Nutrition, Inc. | 힐스펫뉴트리션코리아(유)",
        "사용 연령": "성묘용 (12개월 이상)",
        "100g 가격": "1650원",
        "포장단위별 용량, 수량": "2kg",
        "법에 의한 인증 및 허가": "사료관리법에 따른 수입신고를 필함",
        "원료구성": "닭고기, 통밀, 옥수수글루텐박, 계유, 건조닭고기, 건조사탕무박, 현미, 천연향료(닭간), 황산칼슘, 젖산, 염화칼륨, 어유, 대두유, 정제소금, 염화콜린, 비타민제(비타민E, 비타민C), 타우린, 미량광물질류합제(황산제일철, 산화아연) 등",
        "성분구성": "조단백 30.0% 이상, 조지방 18.0% 이상, 조섬유 5.0% 이하, 조회분 7.0%이하, 칼슘 0.55% 이상, 인 0.5% 이상, 수분 8.0% 이하",
        "현재 재고 수량": "6개",
        "소비자 상담 전화": "마마캣 고객센터 (1544-6141)"
    },
    {
        "id": 1024,
        "name": "힐스 사이언스 다이어트 캣 어덜트 7+ 인도어 1.6kg",
        "image": "https://mamacat.co.kr/web/product/big/20200610/4bf317452f6323baf93470c8ad880bef.png",
        "상품 간략설명": "노묘용 | 슈퍼프리미엄 (1506원/100g당)",
        "가격정책": "마마캣 회원등급 할인 상품",
        "유통기한": "2022.06.",
        "사료등급": "슈퍼프리미엄 (2등급)",
        "정상 소비자가": "27,000원",
        "마마캣 판매가": "31,000원",
        "가장 높은 회원등급 할인 적용시 구매가": "29,450원 (최대 1,550원 할인)",
        "원산지": "미국",
        "제조자 | 수입자": "Hill's Pet Nutrition, Inc. | 힐스펫뉴트리션코리아(유)",
        "사용 연령": "노묘용 (7세 이상)",
        "100g 가격": "1506원",
        "포장단위별 용량, 수량": "1.6kg",
        "법에 의한 인증 및 허가": "사료관리법에 따른 수입신고를 필함",
        "원료구성": "닭고기, 통밀, 옥수수글루텐박, 계유, 분말셀룰로스, 밀글루텐, 쌀, 사탕무박, 천연향료(돼지고기), 황산칼슘, 젖산, 염화칼륨, 대두유, 어유, 인산이칼슘, 염화콜린, 타우린, 비타민제(비타민E, 비타민C), 탄산칼슘, 정제소금 등",
        "성분구성": "조단백 28.0% 이상, 조지방 13.5% 이상, 조섬유 10.0% 이하, 조회분 7.5%이하, 칼슘 0.6% 이상, 인 0.48% 이상, 수분 8.0% 이하",
        "현재 재고 수량": "5개",
        "소비자 상담 전화": "마마캣 고객센터 (1544-6141)"
    },
    {
        "id": 1025,
        "name": "힐스 사이언스 다이어트 캣 어덜트 7+ 헤어볼컨트롤 1.6kg",
        "image": "https://mamacat.co.kr/web/product/big/20200610/a46f74d89e6d353848f9f58fa1eb277d.png",
        "상품 간략설명": "노묘용 | 슈퍼프리미엄 (2000원/100g당)",
        "가격정책": "마마캣 회원등급 할인 상품",
        "유통기한": "2022.05.28.",
        "사료등급": "슈퍼프리미엄 (2등급)",
        "정상 소비자가": "28,000원",
        "마마캣 판매가": "32,000원",
        "가장 높은 회원등급 할인 적용시 구매가": "30,400원 (최대 1,600원 할인)",
        "원산지": "미국",
        "제조자 | 수입자": "Hill's Pet Nutrition, Inc. | 힐스펫뉴트리션코리아(유)",
        "사용 연령": "노묘용 (7세 이상)",
        "100g 가격": "2000원",
        "포장단위별 용량, 수량": "1.6kg",
        "법에 의한 인증 및 허가": "사료관리법에 따른 수입신고를 필함",
        "원료구성": "닭고기, 밀, 옥수수글루텐박, 계유, 분말셀룰로스, 건조닭고기, 밀글루텐, 천연향료(닭간), 건조사탕무박, 황산칼슘, 젖산, 대두유, 염화칼륨, 어유, 염화콜린, L-라이신, 정제소금, 비타민제(비타민E, 비타민C), 타우린 등",
        "성분구성": "조단백 29.5% 이상, 조지방 15.5% 이상, 조섬유 11.0% 이하, 조회분 8.0%이하, 칼슘 0.44% 이상, 인 0.42% 이상, 수분 8.0% 이하",
        "현재 재고 수량": "3개",
        "소비자 상담 전화": "마마캣 고객센터 (1544-6141)"
    },
    {
        "id": 1026,
        "name": "힐스 사이언스 다이어트 캣 어덜트 라이트 2kg",
        "image": "https://mamacat.co.kr/web/product/big/20200610/13137110c44e23c2536d733f3df8840a.png",
        "상품 간략설명": "성묘용 | 슈퍼프리미엄 (1650원/100g당)",
        "가격정책": "마마캣 회원등급 할인 상품",
        "유통기한": "2022.05.30.",
        "사료등급": "슈퍼프리미엄 (2등급)",
        "정상 소비자가": "30,000원",
        "마마캣 판매가": "33,000원",
        "가장 높은 회원등급 할인 적용시 구매가": "31,350원 (최대 1,650원 할인)",
        "원산지": "미국",
        "제조자 | 수입자": "Hill's Pet Nutrition, Inc. | 힐스펫뉴트리션코리아(유)",
        "사용 연령": "성묘용 (12개월 이상)",
        "100g 가격": "1650원",
        "포장단위별 용량, 수량": "2kg",
        "법에 의한 인증 및 허가": "사료관리법에 따른 수입신고를 필함",
        "원료구성": "닭고기, 옥수수글루텐박, 밀, 쌀, 분말셀룰로스, 밀글루텐, 계유, 천연향료(닭간), 황산칼슘, 젖산, 건조사탕무박, 염화칼륨, 인산이칼슘, 염화콜린, 정제소금, L-라이신, 탄산칼슘, 비타민제(비타민E, 비타민C), 타우린 등",
        "성분구성": "조단백 31.0% 이상, 조지방 6.0% 이상, 조섬유 9.0% 이하, 조회분 9.0%이하, 칼슘 0.7% 이상, 인 0.5% 이상, 수분 10.0% 이하",
        "현재 재고 수량": "3개",
        "소비자 상담 전화": "마마캣 고객센터 (1544-6141)"
    },
    {
        "id": 1027,
        "name": "힐스 사이언스 다이어트 캣 어덜트 인도어 1.6kg",
        "image": "https://mamacat.co.kr/web/product/big/20200610/a89b9b492d9f40bd6c46a4d90500dc8f.png",
        "상품 간략설명": "성묘용 | 슈퍼프리미엄 (1937원/100g당)",
        "가격정책": "마마캣 회원등급 할인 상품",
        "유통기한": "2022.08.05.",
        "사료등급": "슈퍼프리미엄 (2등급)",
        "정상 소비자가": "27,000원",
        "마마캣 판매가": "31,000원",
        "가장 높은 회원등급 할인 적용시 구매가": "29,450원 (최대 1,550원 할인)",
        "원산지": "미국",
        "제조자 | 수입자": "Hill's Pet Nutrition, Inc. | 힐스펫뉴트리션코리아(유)",
        "사용 연령": "성묘용 (12개월 이상)",
        "100g 가격": "1937원",
        "포장단위별 용량, 수량": "1.6kg",
        "법에 의한 인증 및 허가": "사료관리법에 따른 수입신고를 필함",
        "원료구성": "닭고기, 통밀, 옥수수글루텐박, 계유, 분말셀룰로스, 밀글루텐, 쌀, 사탕무박, 천연향료(돼지고기), 황산칼슘, 젖산, 염화칼륨, 대두유, 어유, 인산이칼슘, 염화콜린, 타우린, 비타민제(비타민E, 비타민C), 탄산칼슘, 정제소금 등",
        "성분구성": "조단백 28.0% 이상, 조지방 13.5% 이상, 조섬유 10.0% 이하, 조회분 7.5%이하, 칼슘 0.6% 이상, 인 0.48% 이상, 수분 8.0% 이하",
        "현재 재고 수량": "2개",
        "소비자 상담 전화": "마마캣 고객센터 (1544-6141)"
    },
    {
        "id": 1028,
        "name": "힐스 사이언스 다이어트 캣 어덜트 퍼펙트 웨이트 1.4kg",
        "image": "https://mamacat.co.kr/web/product/big/20200610/2ff330c4fbbce018d1efab8be71e57f4.png",
        "상품 간략설명": "성묘용 | 슈퍼프리미엄 (2000원/100g당)",
        "가격정책": "마마캣 회원등급 할인 상품",
        "유통기한": "2022.07.",
        "사료등급": "슈퍼프리미엄 (2등급)",
        "정상 소비자가": "25,000원",
        "마마캣 판매가": "28,000원",
        "가장 높은 회원등급 할인 적용시 구매가": "26,600원 (최대 1,400원 할인)",
        "원산지": "미국",
        "제조자 | 수입자": "Hill's Pet Nutrition, Inc. | 힐스펫뉴트리션코리아(유)",
        "사용 연령": "성묘용 (12개월 이상)",
        "100g 가격": "2000원",
        "포장단위별 용량, 수량": "1.4kg",
        "법에 의한 인증 및 허가": "사료관리법에 따른 수입신고를 필함",
        "원료구성": "닭고기, 쌀, 옥수수글루텐박, 밀글루텐, 분말셀룰로스, 건조닭고기, 건조토마토박, 아마씨, 계유, 천연향료(닭간), 코코넛오일, 젖산, 황산칼슘, L-라이신, 염화칼륨, 염화콜린, 당근, DL-메티오닌, 타우린, 비타민제(비타민E, 비타민C) 등",
        "성분구성": "조단백 36.0% 이상, 조지방 8.5% 이상, 조섬유 10.0% 이하, 조회분 8.0%이하, 칼슘 0.5% 이상, 인 0.4% 이상, 수분 8.0% 이하",
        "현재 재고 수량": "6개",
        "소비자 상담 전화": "마마캣 고객센터 (1544-6141)"
    },
    {
        "id": 1029,
        "name": "힐스 사이언스 다이어트 캣 어덜트 헤어볼 컨트롤 라이트 3.2kg",
        "image": "https://mamacat.co.kr/web/product/big/20200610/420683e66c6ec762c8800812035ded1d.png",
        "상품 간략설명": "성묘용 | 슈퍼프리미엄 (1500원/100g당)",
        "가격정책": "마마캣 회원등급 할인 상품",
        "유통기한": "2022.06.04.",
        "사료등급": "슈퍼프리미엄 (2등급)",
        "정상 소비자가": "43,000원",
        "마마캣 판매가": "48,000원",
        "가장 높은 회원등급 할인 적용시 구매가": "45,600원 (최대 2,400원 할인)",
        "원산지": "미국",
        "제조자 | 수입자": "Hill's Pet Nutrition, Inc. | 힐스펫뉴트리션코리아(유)",
        "사용 연령": "성묘용 (12개월 이상)",
        "100g 가격": "1500원",
        "포장단위별 용량, 수량": "3.2kg",
        "법에 의한 인증 및 허가": "사료관리법에 따른 수입신고를 필함",
        "원료구성": "닭고기, 옥수수글루텐박, 양조쌀, 밀글루텐, 분말셀룰로오스, 통밀, 닭간향료, 건조사탕무박, 대두유, 황산칼슘, 젖산, 계유, 염화칼륨, 인산이칼슘, 염화콜린, 요오드첨가식염, 어유, 비타민합제(비타민E보충제, 비타민B12보충제), 타우린 등",
        "성분구성": "조단백 32.0% 이상, 조지방 6.0% 이상, 조섬유 10.0% 이하, 조회분 8.5%이하, 칼슘 0.6% 이상, 인 0.5% 이상, 수분 10.0% 이하",
        "현재 재고 수량": "2개",
        "소비자 상담 전화": "마마캣 고객센터 (1544-6141)"
    },
    {
        "id": 1030,
        "name": "힐스 사이언스 다이어트 캣 키튼 1.58kg",
        "image": "https://mamacat.co.kr/web/product/big/20200610/78e7750fdf9f4d91378bdcf48b920c19.png",
        "상품 간략설명": "자묘용 | 슈퍼프리미엄 (1835원/100g당)",
        "가격정책": "마마캣 회원등급 할인 상품",
        "유통기한": "2022.04.22.",
        "사료등급": "슈퍼프리미엄 (2등급)",
        "정상 소비자가": "27,000원",
        "마마캣 판매가": "29,000원",
        "가장 높은 회원등급 할인 적용시 구매가": "27,550원 (최대 1,450원 할인)",
        "원산지": "미국",
        "제조자 | 수입자": "Hill's Pet Nutrition, Inc. | 힐스펫뉴트리션코리아(유)",
        "사용 연령": "자묘용 (12개월 이하)",
        "100g 가격": "1835원",
        "포장단위별 용량, 수량": "2kg",
        "법에 의한 인증 및 허가": "사료관리법에 따른 수입신고를 필함",
        "원료구성": "닭고기, 현미, 밀글루텐, 계유, 계란, 귀리, 밀, 보리, 천연향료(닭간), 아마씨, 황산칼슘, 젖산, 어유, L-라이신, 염화칼륨, 탄산칼슘, DL-메티오닌, 염화콜린, 제삼인산나트륨, 타우린, 비타민제(비타민E, 비타민C)",
        "성분구성": "조단백 33.0% 이상, 조지방 19.0% 이상, 조섬유 3.5% 이하, 조회분 8.5%이하, 칼슘 0.95% 이상, 인 0.8% 이상, 수분 8.0% 이하",
        "현재 재고 수량": "3개",
        "소비자 상담 전화": "마마캣 고객센터 (1544-6141)"
    }
]