[
  {
    "link": "https://www.coupang.com/vp/products/1798177756?itemId=2744088601&vendorItemId=70734097621&sourceType=CAMPAIGN&campaignId=82&categoryId=445759",
    "image": "https://thumbnail7.coupangcdn.com/thumbnails/remote/230x230ex/image/retail/images/88876393862160-8f424ff5-6f43-445e-af7b-c82bd7f64bde.png",
    "name": "캐츠랑 NEW 전연령 올라이프 고양이 건식사료, 닭 + 참치, 5kg",
    "price": [
      "46% 21,950",
      "11,720원",
      "(100g당 234원)",
      "내일(토) 7/3 도착 보장",
      "내일(토) 새벽 도착 보장"
    ],
    "id": 0
  },
  {
    "link": "https://www.coupang.com/vp/products/1173188814?itemId=2151439093&vendorItemId=70149742855&sourceType=CAMPAIGN&campaignId=82&categoryId=445759",
    "image": "https://thumbnail7.coupangcdn.com/thumbnails/remote/230x230ex/image/retail/images/501342547010073-eef2075d-3eb3-4ad5-ac56-5991d34f0a0f.jpg",
    "name": "탐사 전연령용 고양이 사료, 20kg",
    "price": [
      "31% 42,000",
      "28,810원",
      "(100g당 144원)",
      "내일(토) 7/3 도착 보장",
      "내일(토) 새벽 도착 보장"
    ],
    "id": 1
  },
  {
    "link": "https://www.coupang.com/vp/products/46115681?itemId=567096930&vendorItemId=4488650390&sourceType=CAMPAIGN&campaignId=82&categoryId=445759",
    "image": "https://thumbnail8.coupangcdn.com/thumbnails/remote/230x230ex/image/retail/images/104354470534686-d3c7b9a8-13ef-494d-94f1-a9e1d4dd77d1.jpg",
    "name": "내추럴발란스 오리지날 울트라 WBH 닭고기 & 연어 포뮬라 전연령 캣 사료, 닭, 2.04kg",
    "price": [
      "9% 32,120",
      "28,910원",
      "(100g당 1,417원)",
      "내일(토) 7/3 도착 보장",
      "내일(토) 새벽 도착 보장",
      "새 상품, 박스 훼손 (5) 최저 28,040원"
    ],
    "id": 2
  },
  {
    "link": "https://www.coupang.com/vp/products/4919736873?itemId=6444835088&vendorItemId=73739333385&sourceType=CAMPAIGN&campaignId=82&categoryId=445759",
    "image": "https://thumbnail7.coupangcdn.com/thumbnails/remote/230x230ex/image/retail/images/365887187547502-06e1e309-cbee-47e4-b712-123205b855f3.jpg",
    "name": "탐사 고양이 사료 연어, 3kg, 1개",
    "price": [
      "40% 25,000",
      "14,990원",
      "(100g당 500원)",
      "내일(토) 7/3 도착 보장"
    ],
    "id": 3
  },
  {
    "link": "https://www.coupang.com/vp/products/4982653?itemId=11953746&vendorItemId=3018214512&sourceType=CAMPAIGN&campaignId=82&categoryId=445759",
    "image": "https://thumbnail9.coupangcdn.com/thumbnails/remote/230x230ex/image/retail/images/83782042127616-f18eb3a5-bd81-486b-a4d8-a6e6b0b8b7d5.jpg",
    "name": "프로베스트 캣 블루 사료, 1개, 15kg",
    "price": [
      "33% 36,000",
      "24,070원",
      "(100g당 160원)",
      "내일(토) 7/3 도착 보장",
      "새 상품, 박스 훼손 (22) 최저 23,340원"
    ],
    "id": 4
  },
  {
    "link": "https://www.coupang.com/vp/products/172733929?itemId=2993584846&vendorItemId=70981877782&sourceType=CAMPAIGN&campaignId=82&categoryId=445759",
    "image": "https://thumbnail10.coupangcdn.com/thumbnails/remote/230x230ex/image/retail/images/606865219802415-c7c6dec0-a654-47a2-9fcd-342b6a05f699.jpg",
    "name": "하림펫푸드 더리얼 그레인프리 크런치 어덜트 고양이 사료, 닭, 1.6kg",
    "price": [
      "와우할인가 | 27% 29,000",
      "20,950원",
      "(100g당 1,309원)",
      "내일(토) 7/3 도착 보장",
      "내일(토) 새벽 도착 보장"
    ],
    "id": 5
  },
  {
    "link": "https://www.coupang.com/vp/products/1131298760?itemId=2099277824&vendorItemId=5243376191&sourceType=CAMPAIGN&campaignId=82&categoryId=445759",
    "image": "https://thumbnail9.coupangcdn.com/thumbnails/remote/230x230ex/image/retail/images/104659875037419-ebc35c9a-2602-4a40-9b05-f0a38a9237d1.jpg",
    "name": "마즈 뉴트로 1세 이상 실내묘용 닭고기와 현미 건식사료, 닭, 2.27kg",
    "price": [
      "22,750",
      "22,600원",
      "(100g당 996원)",
      "내일(토) 7/3 도착 보장",
      "내일(토) 새벽 도착 보장"
    ],
    "id": 6
  },
  {
    "link": "https://www.coupang.com/vp/products/4919736870?itemId=6444835083&vendorItemId=73739333605&sourceType=CAMPAIGN&campaignId=82&categoryId=445759",
    "image": "https://thumbnail9.coupangcdn.com/thumbnails/remote/230x230ex/image/retail/images/942579966141999-86d012f4-826f-4050-954c-c2abb08375de.jpg",
    "name": "탐사 고양이 사료 치킨, 3kg, 1개",
    "price": [
      "40% 25,000",
      "14,990원",
      "(100g당 500원)",
      "내일(토) 7/3 도착 보장"
    ],
    "id": 7
  },
  {
    "link": "https://www.coupang.com/vp/products/6010110?itemId=567096909&vendorItemId=4488650364&sourceType=CAMPAIGN&campaignId=82&categoryId=445759",
    "image": "https://thumbnail8.coupangcdn.com/thumbnails/remote/230x230ex/image/product/image/vendoritem/2019/06/14/4488650364/3d0270f3-68fb-46fb-b890-8c81cb2207ce.jpg",
    "name": "내추럴발란스 인도어 울트라 닭고기 & 연어 포뮬라 성묘용 캣 사료, 2.04kg, 1개",
    "price": [
      "9% 33,660",
      "30,300원",
      "(100g당 1,485원)",
      "내일(토) 7/3 도착 보장"
    ],
    "id": 8
  },
  {
    "link": "https://www.coupang.com/vp/products/9486986?itemId=41672746&vendorItemId=3063997312&sourceType=CAMPAIGN&campaignId=82&categoryId=445759",
    "image": "https://thumbnail8.coupangcdn.com/thumbnails/remote/230x230ex/image/product/image/vendoritem/2018/10/23/3000242022/3783f1be-cc38-4a81-8e42-74a57dbbed56.jpg",
    "name": "비스트로 고양이용 흰살참치와 닭안심 캔, 24개입, 160g",
    "price": [
      "17% 24,000",
      "19,890원",
      "(100g당 518원)",
      "내일(토) 7/3 도착 보장",
      "내일(토) 새벽 도착 보장"
    ],
    "id": 9
  },
  {
    "link": "https://www.coupang.com/vp/products/1606637220?itemId=2744089504&vendorItemId=70734097353&sourceType=CAMPAIGN&campaignId=82&categoryId=445759",
    "image": "https://thumbnail6.coupangcdn.com/thumbnails/remote/230x230ex/image/retail/images/2020/05/15/15/3/7b1e7705-6e8e-4087-9ec0-09519ab36628.jpg",
    "name": "캐츠랑 전연령 올라이프 고양이 건식사료, 2kg, 1개",
    "price": [
      "5% 9,040",
      "8,560원",
      "(100g당 428원)",
      "내일(토) 7/3 도착 보장",
      "내일(토) 새벽 도착 보장"
    ],
    "id": 10
  },
  {
    "link": "https://www.coupang.com/vp/products/4388605672?itemId=5198517179&vendorItemId=72507704790&sourceType=CAMPAIGN&campaignId=82&categoryId=445759",
    "image": "https://thumbnail10.coupangcdn.com/thumbnails/remote/230x230ex/image/rs_quotation_api/qvgpam31/87b542130a7d48a8b41596d3e6ffbd34.jpg",
    "name": "위스카스 2~12개월 고양이 파우치 믹스드 버라이어티팩 주니어 참치/주니어 고등어, 생선",
    "price": [
      "와우할인가 | 10% 10,500",
      "9,450원",
      "내일(토) 7/3 도착 보장",
      "내일(토) 새벽 도착 보장"
    ],
    "id": 11
  },
  {
    "link": "https://www.coupang.com/vp/products/17957158?itemId=72090654&vendorItemId=3116434328&sourceType=CAMPAIGN&campaignId=82&categoryId=445759",
    "image": "https://thumbnail10.coupangcdn.com/thumbnails/remote/230x230ex/image/product/image/vendoritem/2017/10/11/3116434328/f18809bf-91dc-4921-91f1-39bb1fda9a19.jpg",
    "name": "프로베스트 캣 전연령 고양이 사료, 20kg, 1개",
    "price": [
      "46,000원",
      "(100g당 230원)",
      "내일(토) 7/3 도착 보장",
      "내일(토) 새벽 도착 보장"
    ],
    "id": 12
  },
  {
    "link": "https://www.coupang.com/vp/products/119691?itemId=67723892&vendorItemId=3000155596&sourceType=CAMPAIGN&campaignId=82&categoryId=445759",
    "image": "https://thumbnail7.coupangcdn.com/thumbnails/remote/230x230ex/image/product/image/vendoritem/2018/10/24/3000155596/abcc2aaf-423e-4ebf-86b3-088383acf57d.jpg",
    "name": "이즈칸 캣 어덜트 그레인프리 고양이 사료, 6.5kg, 1개",
    "price": [
      "28% 40,000",
      "28,800원",
      "(100g당 443원)",
      "내일(토) 7/3 도착 보장",
      "내일(토) 새벽 도착 보장",
      "새 상품, 박스 훼손 (200) 최저 27,930원"
    ],
    "id": 13
  },
  {
    "link": "https://www.coupang.com/vp/products/2802692?itemId=12967217&vendorItemId=3000319210&sourceType=CAMPAIGN&campaignId=82&categoryId=445759",
    "image": "https://thumbnail9.coupangcdn.com/thumbnails/remote/230x230ex/image/product/image/vendoritem/2019/02/21/3000319210/f56b723a-9fc7-4ccd-87b8-7fd5c1a29c1a.jpg",
    "name": "원더캣츠 전연령 반려묘 기능성 사료, 10kg, 1개",
    "price": [
      "18% 19,000",
      "15,490원",
      "(100g당 155원)",
      "내일(토) 7/3 도착 보장",
      "내일(토) 새벽 도착 보장",
      "새 상품, 박스 훼손 (6) 최저 15,490원"
    ],
    "id": 14
  },
  {
    "link": "https://www.coupang.com/vp/products/4919737423?itemId=6444837022&vendorItemId=73739336074&sourceType=CAMPAIGN&campaignId=82&categoryId=445759",
    "image": "https://thumbnail8.coupangcdn.com/thumbnails/remote/230x230ex/image/retail/images/365909535264165-8bfc2a52-97f1-4b57-8f19-a8643c15114c.jpg",
    "name": "탐사 고양이 사료 참치, 300g, 10개입",
    "price": [
      "40% 25,000",
      "14,990원",
      "(100g당 500원)",
      "내일(토) 7/3 도착 보장",
      "내일(토) 새벽 도착 보장"
    ],
    "id": 15
  },
  {
    "link": "https://www.coupang.com/vp/products/306756510?itemId=967169094&vendorItemId=5373521490&sourceType=CAMPAIGN&campaignId=82&categoryId=445759",
    "image": "https://thumbnail8.coupangcdn.com/thumbnails/remote/230x230ex/image/retail/images/2019/09/25/17/6/d45ef1ce-e463-4cfd-88ab-8f602126893b.jpg",
    "name": "케어캣 올라이프 전연령용 고양이 건식사료, 닭, 20kg",
    "price": [
      "29% 45,000",
      "31,800원",
      "(100g당 159원)",
      "내일(토) 7/3 도착 보장",
      "내일(토) 새벽 도착 보장"
    ],
    "id": 16
  },
  {
    "link": "https://www.coupang.com/vp/products/1785268681?itemId=3039780116&vendorItemId=71027844024&sourceType=CAMPAIGN&campaignId=82&categoryId=445759",
    "image": "https://thumbnail7.coupangcdn.com/thumbnails/remote/230x230ex/image/retail/images/68588077634444-d15a5f80-52a3-407a-869b-e6fd53f00416.jpg",
    "name": "캐츠랑 키튼 8kg, 닭",
    "price": [
      "4% 20,610",
      "19,740원",
      "(100g당 247원)",
      "내일(토) 7/3 도착 보장",
      "내일(토) 새벽 도착 보장",
      "새 상품, 박스 훼손 (200) 최저 19,740원"
    ],
    "id": 17
  },
  {
    "link": "https://www.coupang.com/vp/products/923478?itemId=44800891&vendorItemId=3069927809&sourceType=CAMPAIGN&campaignId=82&categoryId=445759",
    "image": "https://thumbnail8.coupangcdn.com/thumbnails/remote/230x230ex/image/retail/images/349622832518527-16fe1f88-425c-4abf-b740-027cb7c65f5a.jpg",
    "name": "퓨리나 캣차우 컴플리트 고양이 사료, 11.3kg, 1개",
    "price": [
      "15% 49,000",
      "41,400원",
      "(100g당 366원)",
      "내일(토) 7/3 도착 보장",
      "내일(토) 새벽 도착 보장"
    ],
    "id": 18
  },
  {
    "link": "https://www.coupang.com/vp/products/71690999?itemId=239048061&vendorItemId=3588617959&sourceType=CAMPAIGN&campaignId=82&categoryId=445759",
    "image": "https://thumbnail6.coupangcdn.com/thumbnails/remote/230x230ex/image/retail/images/2018/03/21/18/4/18a728f9-e8f6-4872-9ee4-487ccae927da.jpg",
    "name": "이즈칸 캣 그레인프리 중성화체중관리 건식사료, 닭, 5kg",
    "price": [
      "와우할인가 | 32% 33,000",
      "22,210원",
      "(100g당 444원)",
      "내일(토) 7/3 도착 보장",
      "내일(토) 새벽 도착 보장",
      "새 상품, 박스 훼손 (8) 최저 22,210원"
    ],
    "id": 19
  },
  {
    "link": "https://www.coupang.com/vp/products/2082236727?itemId=2706568286&vendorItemId=70696856437&sourceType=CAMPAIGN&campaignId=82&categoryId=445759",
    "image": "https://thumbnail6.coupangcdn.com/thumbnails/remote/230x230ex/image/retail/images/2020/05/15/16/0/483bcecc-78b7-410a-a977-f8fbfb06cd76.jpg",
    "name": "캐츠랑 맘앤베이비 고양이 사료, 4kg, 1개",
    "price": [
      "4% 17,450",
      "16,630원",
      "(100g당 416원)",
      "내일(토) 7/3 도착 보장",
      "내일(토) 새벽 도착 보장"
    ],
    "id": 20
  },
  {
    "link": "https://www.coupang.com/vp/products/1313422632?itemId=2331026502&vendorItemId=70327579342&sourceType=CAMPAIGN&campaignId=82&categoryId=445759",
    "image": "https://thumbnail9.coupangcdn.com/thumbnails/remote/230x230ex/image/retail/images/2020/03/03/13/1/9fe5ffa8-cfcc-43b1-8635-308cc41503cb.jpg",
    "name": "내추럴발란스 성묘용 LID 인도어 캣 포뮬라 드라이 캣 건식푸드, 생선, 2.04kg",
    "price": [
      "39,000원",
      "(100g당 1,912원)",
      "내일(토) 7/3 도착 보장",
      "내일(토) 새벽 도착 보장",
      "새 상품, 박스 훼손 (2) 최저 37,830원"
    ],
    "id": 21
  },
  {
    "link": "https://www.coupang.com/vp/products/196397136?itemId=565703011&vendorItemId=4484815000&sourceType=CAMPAIGN&campaignId=82&categoryId=445759",
    "image": "https://thumbnail6.coupangcdn.com/thumbnails/remote/230x230ex/image/retail/images/244478241029235-dc1f1e01-b7d6-4824-872a-d44df13aa941.jpg",
    "name": "캣티즌 전연령 고양이사료, 닭, 5kg",
    "price": [
      "12,340원",
      "(100g당 247원)",
      "내일(토) 7/3 도착 보장",
      "내일(토) 새벽 도착 보장",
      "새 상품, 박스 훼손 (5) 최저 11,960원"
    ],
    "id": 22
  },
  {
    "link": "https://www.coupang.com/vp/products/274723598?itemId=867796956&vendorItemId=5196276189&sourceType=CAMPAIGN&campaignId=82&categoryId=445759",
    "image": "https://thumbnail9.coupangcdn.com/thumbnails/remote/230x230ex/image/retail/images/68788182441465-1752f998-38e1-4459-8327-63c9b4d60802.jpg",
    "name": "카루 클래식 버라이어티 팩 고양이 습식사료 170g x 4종, 1세트",
    "price": [
      "12% 22,420",
      "19,560원",
      "내일(토) 7/3 도착 보장",
      "내일(토) 새벽 도착 보장"
    ],
    "id": 23
  },
  {
    "link": "https://www.coupang.com/vp/products/71690993?itemId=239048046&vendorItemId=3588617958&sourceType=CAMPAIGN&campaignId=82&categoryId=445759",
    "image": "https://thumbnail10.coupangcdn.com/thumbnails/remote/230x230ex/image/product/image/vendoritem/2019/01/18/3588617958/880a7b5b-072e-40dd-9fb7-079fed8b03ee.jpg",
    "name": "이즈칸 캣 그레인프리 유리너리 건식사료, 5kg, 1개",
    "price": [
      "22% 33,000",
      "25,730원",
      "(100g당 515원)",
      "내일(토) 7/3 도착 보장"
    ],
    "id": 24
  },
  {
    "link": "https://www.coupang.com/vp/products/21266083?itemId=83128936&vendorItemId=3141607214&sourceType=CAMPAIGN&campaignId=82&categoryId=445759",
    "image": "https://thumbnail8.coupangcdn.com/thumbnails/remote/230x230ex/image/retail/images/18687279863754-e7f351cf-163b-47e7-b102-05e9219759d7.jpg",
    "name": "위스카스 포켓 오션피쉬 반려묘 건사료, 1개, 3kg",
    "price": [
      "19% 17,800",
      "14,370원",
      "(100g당 479원)",
      "내일(토) 7/3 도착 보장",
      "내일(토) 새벽 도착 보장"
    ],
    "id": 25
  },
  {
    "link": "https://www.coupang.com/vp/products/5079088549?itemId=6888118004&vendorItemId=3692780518&sourceType=CAMPAIGN&campaignId=82&categoryId=445759",
    "image": "https://thumbnail8.coupangcdn.com/thumbnails/remote/230x230ex/image/retail/images/368801408268128-24b45852-daed-45ad-ab58-d85a7125f780.jpg",
    "name": "사조 옵티원 부스트 캔 닭안심과 연어 고양이 습식사료, 160g, 24개",
    "price": [
      "43% 28,800",
      "16,370원",
      "(100g당 426원)",
      "내일(토) 7/3 도착 보장"
    ],
    "id": 26
  },
  {
    "link": "https://www.coupang.com/vp/products/1873319?itemId=8276778&vendorItemId=3011491857&sourceType=CAMPAIGN&campaignId=82&categoryId=445759",
    "image": "https://thumbnail8.coupangcdn.com/thumbnails/remote/230x230ex/image/product/image/vendoritem/2016/05/06/3011491857/4ae88b7c-0660-4d9e-a999-6c861a727afb.jpg",
    "name": "페베 프리미엄 밀크파우더 고양이 분유, 120g, 1개",
    "price": [
      "8,740원",
      "(10g당 728원)",
      "내일(토) 7/3 도착 보장",
      "내일(토) 새벽 도착 보장"
    ],
    "id": 27
  },
  {
    "link": "https://www.coupang.com/vp/products/1318534363?itemId=2338550875&vendorItemId=70335166250&sourceType=CAMPAIGN&campaignId=82&categoryId=445759",
    "image": "https://thumbnail8.coupangcdn.com/thumbnails/remote/230x230ex/image/retail/images/246875522200968-465da382-f081-4ca7-a26b-f10295417c39.jpg",
    "name": "팜스코 6개월 이상 캣츠온라이트 고양이 사료, 닭, 20kg",
    "price": [
      "와우할인가 | 6% 29,400",
      "27,370원",
      "(100g당 137원)",
      "내일(토) 7/3 도착 보장",
      "내일(토) 새벽 도착 보장"
    ],
    "id": 28
  },
  {
    "link": "https://www.coupang.com/vp/products/813188?itemId=3173366&vendorItemId=3003609700&sourceType=CAMPAIGN&campaignId=82&categoryId=445759",
    "image": "https://thumbnail7.coupangcdn.com/thumbnails/remote/230x230ex/image/product/image/vendoritem/2016/05/09/3003609700/6ba03aeb-7fd1-4b14-8a29-4f0d43b70c9f.jpg",
    "name": "비스트로 전연령 고양이 사료, 6kg, 1개",
    "price": [
      "64% 50,000",
      "17,990원",
      "(100g당 300원)",
      "내일(토) 7/3 도착 보장",
      "내일(토) 새벽 도착 보장",
      "새 상품, 박스 훼손 (55) 최저 17,450원"
    ],
    "id": 29
  },
  {
    "link": "https://www.coupang.com/vp/products/29694?itemId=891567909&vendorItemId=5243376211&sourceType=CAMPAIGN&campaignId=82&categoryId=445759",
    "image": "https://thumbnail9.coupangcdn.com/thumbnails/remote/230x230ex/image/retail/images/2019/08/13/17/2/38b1d90d-22f6-4f1f-b3db-c018b0dc0bd6.jpg",
    "name": "뉴트로 캣 1세 이하 오리지널 닭고기와 현미 건식사료, 2.27kg, 1개",
    "price": [
      "10% 24,500",
      "21,810원",
      "(100g당 961원)",
      "내일(토) 7/3 도착 보장",
      "내일(토) 새벽 도착 보장"
    ],
    "id": 30
  },
  {
    "link": "https://www.coupang.com/vp/products/4388605616?itemId=5198516967&vendorItemId=72507704989&sourceType=CAMPAIGN&campaignId=82&categoryId=445759",
    "image": "https://thumbnail6.coupangcdn.com/thumbnails/remote/230x230ex/image/rs_quotation_api/oassqqzc/c3325b1c42234134bf8ecc0564e94b17.jpg",
    "name": "위스카스 1세이상 고양이 파우치 믹스드 버라이어티팩 참치/오션피쉬/참치와 흰살, 생선",
    "price": [
      "와우할인가 | 24% 12,000",
      "9,020원",
      "내일(토) 7/3 도착 보장",
      "내일(토) 새벽 도착 보장"
    ],
    "id": 31
  },
  {
    "link": "https://www.coupang.com/vp/products/2239023108?itemId=72090652&vendorItemId=3116434330&sourceType=CAMPAIGN&campaignId=82&categoryId=445759",
    "image": "https://thumbnail6.coupangcdn.com/thumbnails/remote/230x230ex/image/retail/images/83883130266873-49251be2-a7c6-45e9-b554-6e91fab09a22.jpg",
    "name": "프로베스트 캣 전연령 고양이 사료, 1.5kg, 1개",
    "price": [
      "13% 8,000",
      "6,900원",
      "(100g당 460원)",
      "내일(토) 7/3 도착 보장",
      "새 상품, 박스 훼손 (3) 최저 6,690원"
    ],
    "id": 32
  },
  {
    "link": "https://www.coupang.com/vp/products/9533741?itemId=41941890&vendorItemId=3064689048&sourceType=CAMPAIGN&campaignId=82&categoryId=445759",
    "image": "https://thumbnail6.coupangcdn.com/thumbnails/remote/230x230ex/image/product/image/vendoritem/2019/09/02/3064689048/97667502-931a-4bfc-9835-4e46dad75ebf.jpg",
    "name": "퓨리나 인스퍼레이션 고양이 습식사료, 치킨, 70g, 24개",
    "price": [
      "20% 39,000",
      "30,820원",
      "(100g당 1,835원)",
      "내일(토) 7/3 도착 보장",
      "내일(토) 새벽 도착 보장"
    ],
    "id": 33
  },
  {
    "link": "https://www.coupang.com/vp/products/1093515607?itemId=2050264111&vendorItemId=70049588854&sourceType=CAMPAIGN&campaignId=82&categoryId=445759",
    "image": "https://thumbnail6.coupangcdn.com/thumbnails/remote/230x230ex/image/retail/images/2019/12/13/19/0/fdec42ee-a86c-4720-869e-977f4b48838d.jpg",
    "name": "위스카스 포켓 헤어볼 컨트롤 고양이 건식 사료, 닭고기 + 참치, 3kg",
    "price": [
      "3% 15,190",
      "14,660원",
      "(100g당 489원)",
      "내일(토) 7/3 도착 보장",
      "내일(토) 새벽 도착 보장"
    ],
    "id": 34
  },
  {
    "link": "https://www.coupang.com/vp/products/4896423671?itemId=6384386566&vendorItemId=3000452978&sourceType=CAMPAIGN&campaignId=82&categoryId=445759",
    "image": "https://thumbnail6.coupangcdn.com/thumbnails/remote/230x230ex/image/retail/images/95194335144728-4bfca6ed-5f82-4265-9266-a22ed3e1db82.jpg",
    "name": "테이스트오브더와일드 송어 앤 훈제연어 고양이 건식사료, 7.5kg, 1개",
    "price": [
      "44% 110,000",
      "60,750원",
      "(100g당 810원)",
      "내일(토) 7/3 도착 보장",
      "내일(토) 새벽 도착 보장"
    ],
    "id": 35
  },
  {
    "link": "https://www.coupang.com/vp/products/817471?itemId=3200477&vendorItemId=3001161775&sourceType=CAMPAIGN&campaignId=82&categoryId=445759",
    "image": "https://thumbnail9.coupangcdn.com/thumbnails/remote/230x230ex/image/product/image/vendoritem/2019/02/19/3001161775/2c8ad98b-5802-4315-ba9c-88355ab7cab1.jpg",
    "name": "세라피드 전연령 요로건강 고양이 건식사료, 7kg, 1개",
    "price": [
      "37% 37,000",
      "22,960원",
      "(100g당 328원)",
      "내일(토) 7/3 도착 보장",
      "내일(토) 새벽 도착 보장"
    ],
    "id": 36
  },
  {
    "link": "https://www.coupang.com/vp/products/42856378?itemId=155270407&vendorItemId=3363618576&sourceType=CAMPAIGN&campaignId=82&categoryId=445759",
    "image": "https://thumbnail9.coupangcdn.com/thumbnails/remote/230x230ex/image/product/image/vendoritem/2018/11/08/3363618576/a1a7bc1e-5e4f-4e98-90d7-7e3d0a868a8a.jpg",
    "name": "인스팅트 생식본능 오리지날 치킨 캣 키블 고양이 건식사료, 5kg, 1개",
    "price": [
      "와우할인가 | 25% 84,000",
      "62,880원",
      "(100g당 1,258원)",
      "내일(토) 7/3 도착 보장",
      "내일(토) 새벽 도착 보장"
    ],
    "id": 37
  },
  {
    "link": "https://www.coupang.com/vp/products/307934281?itemId=970944063&vendorItemId=5380429072&sourceType=CAMPAIGN&campaignId=82&categoryId=445759",
    "image": "https://thumbnail10.coupangcdn.com/thumbnails/remote/230x230ex/image/retail/images/2019/09/19/19/3/28d36108-3ddf-4d56-bacd-90a5a75977bf.jpg",
    "name": "사이언스다이어트 어덜트 치킨 고양이 사료, 2kg, 1개",
    "price": [
      "21% 25,540",
      "20,000원",
      "(100g당 1,000원)",
      "내일(토) 7/3 도착 보장"
    ],
    "id": 38
  },
  {
    "link": "https://www.coupang.com/vp/products/1257004?itemId=52818519&vendorItemId=3000155603&sourceType=CAMPAIGN&campaignId=82&categoryId=445759",
    "image": "https://thumbnail9.coupangcdn.com/thumbnails/remote/230x230ex/image/product/image/vendoritem/2019/06/11/3000155603/196b68f1-186c-4885-85aa-6db0ac2cdd86.jpg",
    "name": "이즈칸 캣 그레인프리 사료 키튼, 6.5kg, 1개",
    "price": [
      "28% 40,000",
      "28,760원",
      "(100g당 442원)",
      "내일(토) 7/3 도착 보장",
      "새 상품, 박스 훼손 (57) 최저 27,890원"
    ],
    "id": 39
  },
  {
    "link": "https://www.coupang.com/vp/products/4389551170?itemId=5200762622&vendorItemId=72509934877&sourceType=CAMPAIGN&campaignId=82&categoryId=445759",
    "image": "https://thumbnail9.coupangcdn.com/thumbnails/remote/230x230ex/image/rs_quotation_api/8fb8/9508fd013774978b11a1682120d848c3b664bf437eff02d1ecf0517fadd3.jpg",
    "name": "하림펫푸드 어덜트용 더리얼 캣 그레인프리 크런치 참치 건식사료, 생선, 1.6kg",
    "price": [
      "12% 34,000",
      "29,700원",
      "내일(토) 7/3 도착 보장",
      "내일(토) 새벽 도착 보장"
    ],
    "id": 40
  },
  {
    "link": "https://www.coupang.com/vp/products/277070475?itemId=877639349&vendorItemId=5214285339&sourceType=CAMPAIGN&campaignId=82&categoryId=445759",
    "image": "https://thumbnail7.coupangcdn.com/thumbnails/remote/230x230ex/image/retail/images/760076969367438-8c5f577c-f66e-4a4f-9985-885a869ca346.jpg",
    "name": "뉴트리나 비스트로 흰살 참치와 연어 캔, 160g, 24개",
    "price": [
      "3% 21,280",
      "20,520원",
      "(100g당 534원)",
      "내일(토) 7/3 도착 보장"
    ],
    "id": 41
  },
  {
    "link": "https://www.coupang.com/vp/products/3238244?itemId=891567863&vendorItemId=5243376177&sourceType=CAMPAIGN&campaignId=82&categoryId=445759",
    "image": "https://thumbnail10.coupangcdn.com/thumbnails/remote/230x230ex/image/retail/images/2019/08/13/17/7/3520d9b3-9fda-4ccc-8a79-0569f9e067d1.jpg",
    "name": "뉴트로 캣 1세이상 연어와 현미 사료, 연어와현미, 2.27kg",
    "price": [
      "2% 23,150",
      "22,680원",
      "(100g당 999원)",
      "내일(토) 7/3 도착 보장",
      "내일(토) 새벽 도착 보장"
    ],
    "id": 42
  },
  {
    "link": "https://www.coupang.com/vp/products/21266084?itemId=83128937&vendorItemId=3141607217&sourceType=CAMPAIGN&campaignId=82&categoryId=445759",
    "image": "https://thumbnail8.coupangcdn.com/thumbnails/remote/230x230ex/image/retail/images/18709680153141-b07c4a18-1baa-4262-9c16-4a1da148e397.jpg",
    "name": "위스카스 고양이 건사료 참치, 3kg, 1개",
    "price": [
      "25% 17,800",
      "13,230원",
      "(100g당 441원)",
      "내일(토) 7/3 도착 보장",
      "내일(토) 새벽 도착 보장"
    ],
    "id": 43
  },
  {
    "link": "https://www.coupang.com/vp/products/1955204006?itemId=3322379245&vendorItemId=71309243287&sourceType=CAMPAIGN&campaignId=82&categoryId=445759",
    "image": "https://thumbnail6.coupangcdn.com/thumbnails/remote/230x230ex/image/retail/images/516163680303645-918ce03b-c05d-47c0-beeb-7d2ecd6d4c8d.png",
    "name": "프렌드포캣 전연령용 고양이 사료, 곡물, 10kg",
    "price": [
      "와우할인가 | 5% 18,900",
      "17,950원",
      "(100g당 180원)",
      "내일(토) 7/3 도착 보장",
      "내일(토) 새벽 도착 보장",
      "새 상품, 박스 훼손 (4) 최저 17,420원"
    ],
    "id": 44
  },
  {
    "link": "https://www.coupang.com/vp/products/344667974?itemId=2971563550&vendorItemId=70959975250&sourceType=CAMPAIGN&campaignId=82&categoryId=445759",
    "image": "https://thumbnail10.coupangcdn.com/thumbnails/remote/230x230ex/image/retail/images/2020/06/23/19/2/56f7d9fa-a157-4519-83f5-a2bd3ff85345.jpg",
    "name": "하림펫푸드 더리얼 그레인프리 크런치 시니어 고양이 사료, 생선, 1.6kg",
    "price": [
      "4% 33,000",
      "31,680원",
      "(100g당 1,980원)",
      "내일(토) 7/3 도착 보장",
      "내일(토) 새벽 도착 보장"
    ],
    "id": 45
  },
  {
    "link": "https://www.coupang.com/vp/products/1909781491?itemId=3242674364&vendorItemId=71229858949&sourceType=CAMPAIGN&campaignId=82&categoryId=445759",
    "image": "https://thumbnail7.coupangcdn.com/thumbnails/remote/230x230ex/image/retail/images/23380527644764-fa9e30f2-2df5-46d6-87f5-0fb953e1e203.jpg",
    "name": "프로베스트 전연령용 캣 퍼플 저염 건식사료, 닭, 15.5kg",
    "price": [
      "20% 32,290",
      "25,670원",
      "(100g당 166원)",
      "내일(토) 7/3 도착 보장",
      "내일(토) 새벽 도착 보장"
    ],
    "id": 46
  },
  {
    "link": "https://www.coupang.com/vp/products/1487276564?itemId=2553718722&vendorItemId=70546265161&sourceType=CAMPAIGN&campaignId=82&categoryId=445759",
    "image": "https://thumbnail9.coupangcdn.com/thumbnails/remote/230x230ex/image/retail/images/2020/04/20/14/5/9cfeb4d9-29e9-4e5f-aaf4-f9db0e2e0af6.jpg",
    "name": "페베 프리미엄 고양이 분유, 120g, 2개",
    "price": [
      "16% 18,350",
      "15,250원",
      "(10g당 635원)",
      "내일(토) 7/3 도착 보장",
      "내일(토) 새벽 도착 보장",
      "새 상품, 박스 훼손 (4) 최저 15,250원"
    ],
    "id": 47
  },
  {
    "link": "https://www.coupang.com/vp/products/4977430636?itemId=6619281586&vendorItemId=73913168846&sourceType=CAMPAIGN&campaignId=82&categoryId=445759",
    "image": "https://thumbnail10.coupangcdn.com/thumbnails/remote/230x230ex/image/rs_quotation_api/ligb9hnm/5a5635c6f72444fda24b72b8e1e57b01.jpg",
    "name": "ANF 캣 홀리스틱 헬시어덜트 고양이 사료, 5.4kg, 치킨",
    "price": [
      "40,600원",
      "내일(토) 7/3 도착 보장",
      "내일(토) 새벽 도착 보장"
    ],
    "id": 48
  },
  {
    "link": "https://www.coupang.com/vp/products/7081556?itemId=42087578&vendorItemId=3065081485&sourceType=CAMPAIGN&campaignId=82&categoryId=445759",
    "image": "https://thumbnail10.coupangcdn.com/thumbnails/remote/230x230ex/image/product/image/vendoritem/2016/11/11/42087578/99688663-5c00-48c2-be5f-a5e0c3b54442.jpg",
    "name": "이즈칸캣 시니어 그레인프리 고양이 사료, 6.5kg, 1개",
    "price": [
      "64% 80,000",
      "28,760원",
      "(100g당 442원)",
      "내일(토) 7/3 도착 보장",
      "내일(토) 새벽 도착 보장"
    ],
    "id": 49
  },
  {
    "link": "https://www.coupang.com/vp/products/6047061?itemId=9611813&vendorItemId=3000452977&sourceType=CAMPAIGN&campaignId=82&categoryId=445759",
    "image": "https://thumbnail6.coupangcdn.com/thumbnails/remote/230x230ex/image/retail/images/95676945451333-befbd07d-668a-46d8-9ebb-d6310c296dd5.jpg",
    "name": "테이스트오브더와일드 송어 앤 훈제연어 고양이 건식사료, 1개, 908g",
    "price": [
      "53% 21,000",
      "9,800원",
      "(100g당 1,079원)",
      "내일(토) 7/3 도착 보장",
      "내일(토) 새벽 도착 보장"
    ],
    "id": 50
  },
  {
    "link": "https://www.coupang.com/vp/products/1123843922?itemId=2089828892&vendorItemId=70088790869&sourceType=CAMPAIGN&campaignId=82&categoryId=445759",
    "image": "https://thumbnail9.coupangcdn.com/thumbnails/remote/230x230ex/image/retail/images/96187400710316-066e5edf-ffee-450f-9268-1720b03ed93a.jpg",
    "name": "내추럴발란스 드라이 캣 포뮬라 LID 완두&연어, 생선, 2.04kg",
    "price": [
      "39,000원",
      "(100g당 1,912원)",
      "내일(토) 7/3 도착 보장",
      "내일(토) 새벽 도착 보장"
    ],
    "id": 51
  },
  {
    "link": "https://www.coupang.com/vp/products/2269301282?itemId=3891421520&vendorItemId=71876044370&sourceType=CAMPAIGN&campaignId=82&categoryId=445759",
    "image": "https://thumbnail9.coupangcdn.com/thumbnails/remote/230x230ex/image/retail/images/2020/10/20/15/8/96ee992a-0076-498a-a779-9f33a6728c5d.jpg",
    "name": "쉬바 고양이 미니 주식 파우치 35g 3종 x 2p 2세트, 해산물",
    "price": [
      "와우할인가 | 11% 15,600",
      "13,750원",
      "내일(토) 7/3 도착 보장",
      "내일(토) 새벽 도착 보장"
    ],
    "id": 52
  },
  {
    "link": "https://www.coupang.com/vp/products/42856384?itemId=155270425&vendorItemId=3363618571&sourceType=CAMPAIGN&campaignId=82&categoryId=445759",
    "image": "https://thumbnail7.coupangcdn.com/thumbnails/remote/230x230ex/image/retail/images/2017/10/25/10/1/4063a42c-4205-4781-a068-a4673ae24358.jpg",
    "name": "인스팅트 생식본능 얼티밋 프로틴 캣 키블 건식사료 치킨, 800g, 1개",
    "price": [
      "와우할인가 | 37% 32,000",
      "20,050원",
      "(100g당 2,506원)",
      "내일(토) 7/3 도착 보장",
      "내일(토) 새벽 도착 보장"
    ],
    "id": 53
  },
  {
    "link": "https://www.coupang.com/vp/products/199837033?itemId=579678072&vendorItemId=4518541306&sourceType=CAMPAIGN&campaignId=82&categoryId=445759",
    "image": "https://thumbnail10.coupangcdn.com/thumbnails/remote/230x230ex/image/product/image/vendoritem/2019/09/09/4518541306/750ac6f7-532c-4766-8fe9-e7f961d0702d.jpg",
    "name": "뉴트리나 리얼 오 플러스 인도어 고양이 사료, 1.8kg, 1개",
    "price": [
      "와우할인가 | 10% 19,000",
      "17,100원",
      "(100g당 950원)",
      "내일(토) 7/3 도착 보장",
      "내일(토) 새벽 도착 보장"
    ],
    "id": 54
  },
  {
    "link": "https://www.coupang.com/vp/products/21266080?itemId=93851148&vendorItemId=3142944608&sourceType=CAMPAIGN&campaignId=82&categoryId=445759",
    "image": "https://thumbnail10.coupangcdn.com/thumbnails/remote/230x230ex/image/product/image/vendoritem/2019/09/24/3142944608/aeca24bc-e9a2-4f2e-ae15-bcb54346d7a6.jpg",
    "name": "뉴트로 내추럴 초이스 고양이 사료 헤어볼 어덜트 닭고기와 현미, 6.35kg, 1개",
    "price": [
      "14% 66,000",
      "56,690원",
      "(100g당 893원)",
      "내일(토) 7/3 도착 보장",
      "내일(토) 새벽 도착 보장"
    ],
    "id": 55
  },
  {
    "link": "https://www.coupang.com/vp/products/31304043?itemId=1091229167&vendorItemId=5605103688&sourceType=CAMPAIGN&campaignId=82&categoryId=445759",
    "image": "https://thumbnail8.coupangcdn.com/thumbnails/remote/230x230ex/image/retail/images/2019/11/25/14/8/c85358ea-5b63-4530-bd4b-48ebd01fd9f9.jpg",
    "name": "어스본홀리스틱 그레인프리 프리머티브 필라인, 6kg, 1개",
    "price": [
      "46,980원",
      "(100g당 783원)",
      "내일(토) 7/3 도착 보장"
    ],
    "id": 56
  },
  {
    "link": "https://www.coupang.com/vp/products/9486980?itemId=41672708&vendorItemId=3063997316&sourceType=CAMPAIGN&campaignId=82&categoryId=445759",
    "image": "https://thumbnail10.coupangcdn.com/thumbnails/remote/230x230ex/image/product/image/vendoritem/2016/06/29/3000331903/16001549-f1c5-4905-8f67-ec100c8ba3b7.jpg",
    "name": "뉴트리나 참치와 닭안심 고양이용 비스트로 캔, 160g, 24개",
    "price": [
      "14% 24,000",
      "20,520원",
      "(100g당 534원)",
      "내일(토) 7/3 도착 보장",
      "내일(토) 새벽 도착 보장"
    ],
    "id": 57
  },
  {
    "link": "https://www.coupang.com/vp/products/1118896786?itemId=2084280257&vendorItemId=70083305424&sourceType=CAMPAIGN&campaignId=82&categoryId=445759",
    "image": "https://thumbnail8.coupangcdn.com/thumbnails/remote/230x230ex/image/retail/images/2019/12/24/16/2/80c877bc-8738-47a1-a522-4f5a2cd06e95.jpg",
    "name": "내추럴발란스 Grain Free 캣 푸드 수제 스튜 컵캔 6p, 참치&정어리&흰살생선&고등어, 71g",
    "price": [
      "20% 18,000",
      "14,390원",
      "(100g당 3,378원)",
      "내일(토) 7/3 도착 보장"
    ],
    "id": 58
  },
  {
    "link": "https://www.coupang.com/vp/products/116295247?itemId=348323562&vendorItemId=3850407925&sourceType=CAMPAIGN&campaignId=82&categoryId=445759",
    "image": "https://thumbnail7.coupangcdn.com/thumbnails/remote/230x230ex/image/retail/images/511152394051318-bfe70c5c-c4b7-49ad-9d04-e01b8621cfaf.jpg",
    "name": "퍼시캣 연어 레시피 고양이 건식사료, 생선, 1kg",
    "price": [
      "10% 16,000",
      "14,400원",
      "(100g당 1,440원)",
      "내일(토) 7/3 도착 보장",
      "새 상품, 박스 훼손 (4) 최저 13,960원"
    ],
    "id": 59
  },
  {
    "link": "https://www.coupang.com/vp/products/4962802361?itemId=6576078285&vendorItemId=73870094157&sourceType=CAMPAIGN&campaignId=82&categoryId=445759",
    "image": "https://thumbnail7.coupangcdn.com/thumbnails/remote/230x230ex/image/retail/images/2021/02/08/11/8/285d077e-2c6a-476e-8029-06ceb2f66e97.jpg",
    "name": "캣티즌 키튼 건식사료, 7.5kg, 닭",
    "price": [
      "와우할인가 | 10% 21,900",
      "19,710원",
      "내일(토) 7/3 도착 보장",
      "내일(토) 새벽 도착 보장",
      "새 상품, 박스 훼손 (2) 최저 19,710원"
    ],
    "id": 60
  },
  {
    "link": "https://www.coupang.com/vp/products/1582606302?itemId=2705433567&vendorItemId=70695738350&sourceType=CAMPAIGN&campaignId=82&categoryId=445759",
    "image": "https://thumbnail8.coupangcdn.com/thumbnails/remote/230x230ex/image/retail/images/2020/05/12/20/5/e155ec8a-9c8e-4143-a978-052e89eb371d.jpg",
    "name": "캣츠온 6개월 이상 전연령용 라이트 고양이 건식 사료, 조단백, 18kg",
    "price": [
      "7% 26,800",
      "24,660원",
      "(100g당 137원)",
      "내일(토) 7/3 도착 보장",
      "내일(토) 새벽 도착 보장"
    ],
    "id": 61
  },
  {
    "link": "https://www.coupang.com/vp/products/1464204064?itemId=2518321357&vendorItemId=70511254167&sourceType=CAMPAIGN&campaignId=82&categoryId=445759",
    "image": "https://thumbnail10.coupangcdn.com/thumbnails/remote/230x230ex/image/retail/images/2020/04/03/15/6/3da75623-709b-443b-acd4-016bdbdc7603.jpg",
    "name": "go 전연련용 솔루션 카니보 레시피 고양이 건식 사료, 닭, 1.36kg",
    "price": [
      "7% 22,580",
      "20,970원",
      "(100g당 1,542원)",
      "내일(토) 7/3 도착 보장",
      "내일(토) 새벽 도착 보장",
      "새 상품, 박스 훼손 (3) 최저 20,340원"
    ],
    "id": 62
  },
  {
    "link": "https://www.coupang.com/vp/products/3235489?itemId=3173364&vendorItemId=3003609698&sourceType=CAMPAIGN&campaignId=82&categoryId=445759",
    "image": "https://thumbnail9.coupangcdn.com/thumbnails/remote/230x230ex/image/product/image/vendoritem/2016/05/10/3003609698/c1e9ba6a-5619-4b24-ae69-54f27c057f8d.jpg",
    "name": "뉴트리나 비스트로 키튼 고양이 사료, 2kg, 1개",
    "price": [
      "32% 12,000",
      "8,140원",
      "(100g당 407원)",
      "내일(토) 7/3 도착 보장",
      "내일(토) 새벽 도착 보장"
    ],
    "id": 63
  },
  {
    "link": "https://www.coupang.com/vp/products/4940226681?itemId=6507307496&vendorItemId=73801508373&sourceType=CAMPAIGN&campaignId=82&categoryId=445759",
    "image": "https://thumbnail6.coupangcdn.com/thumbnails/remote/230x230ex/image/retail/images/2021/02/04/15/3/de77aa13-62bc-4956-8ea6-e69e51de3b7b.jpg",
    "name": "웰니스 전연령용 코어 시그니쳐 셀렉트 플레이크 12p, 참치와 새우, 79g",
    "price": [
      "20,200원",
      "내일(토) 7/3 도착 보장",
      "내일(토) 새벽 도착 보장"
    ],
    "id": 64
  },
  {
    "link": "https://www.coupang.com/vp/products/817648?itemId=1202076&vendorItemId=3001161776&sourceType=CAMPAIGN&campaignId=82&categoryId=445759",
    "image": "https://thumbnail7.coupangcdn.com/thumbnails/remote/230x230ex/image/product/image/vendoritem/2017/12/01/3001161776/0253f07d-6a16-400e-911e-1e25c6f13360.jpg",
    "name": "세라피드 그레인프리 체중관리 고양이 사료, 2kg, 1개",
    "price": [
      "49% 18,000",
      "9,030원",
      "(100g당 452원)",
      "내일(토) 7/3 도착 보장"
    ],
    "id": 65
  },
  {
    "link": "https://www.coupang.com/vp/products/3238249?itemId=433719&vendorItemId=3000344295&sourceType=CAMPAIGN&campaignId=82&categoryId=445759",
    "image": "https://thumbnail7.coupangcdn.com/thumbnails/remote/230x230ex/image/product/image/vendoritem/2019/09/24/3000344295/b64bc391-a9ca-4e3e-bbee-7af4543c5588.jpg",
    "name": "뉴트로 인도어 시니어 닭고기와 현미 고양이 건식사료, 6.35kg, 1개",
    "price": [
      "18% 64,000",
      "51,910원",
      "(100g당 817원)",
      "내일(토) 7/3 도착 보장",
      "내일(토) 새벽 도착 보장"
    ],
    "id": 66
  },
  {
    "link": "https://www.coupang.com/vp/products/10228802?itemId=44905563&vendorItemId=3070051873&sourceType=CAMPAIGN&campaignId=82&categoryId=445759",
    "image": "https://thumbnail9.coupangcdn.com/thumbnails/remote/230x230ex/image/product/image/vendoritem/2019/09/02/3070051873/5a4a5043-5cf6-4af6-8eaa-810ed13bc1de.jpg",
    "name": "팬시피스트 엘레강트메들리 플로렌틴 치킨 고양이 캔, 85g, 24개입",
    "price": [
      "7% 45,600",
      "42,000원",
      "(100g당 2,059원)",
      "내일(토) 7/3 도착 보장",
      "내일(토) 새벽 도착 보장"
    ],
    "id": 67
  },
  {
    "link": "https://www.coupang.com/vp/products/175631472?itemId=502268524&vendorItemId=4282041015&sourceType=CAMPAIGN&campaignId=82&categoryId=445759",
    "image": "https://thumbnail10.coupangcdn.com/thumbnails/remote/230x230ex/image/product/image/vendoritem/2019/06/17/4282041015/517b5e3d-abc6-4752-b2a2-a9c2e633d03e.jpg",
    "name": "팜스코 캣츠온 고양이사료, 20kg, 1개",
    "price": [
      "와우할인가 | 5% 31,900",
      "30,300원",
      "(100g당 152원)",
      "내일(토) 7/3 도착 보장",
      "내일(토) 새벽 도착 보장"
    ],
    "id": 68
  },
  {
    "link": "https://www.coupang.com/vp/products/1252174783?itemId=2251795830&vendorItemId=70249163158&sourceType=CAMPAIGN&campaignId=82&categoryId=445759",
    "image": "https://thumbnail10.coupangcdn.com/thumbnails/remote/230x230ex/image/retail/images/2020/02/11/12/0/fe7647b4-5429-4fb5-8ab1-3616c8c4183f.jpg",
    "name": "퓨리나 전연령용 캣차우 컴플리트 고양이 건식사료, 닭, 6.75kg",
    "price": [
      "31,000원",
      "(100g당 459원)",
      "내일(토) 7/3 도착 보장",
      "내일(토) 새벽 도착 보장"
    ],
    "id": 69
  },
  {
    "link": "https://www.coupang.com/vp/products/4565151063?itemId=5567760012&vendorItemId=3001161774&sourceType=CAMPAIGN&campaignId=82&categoryId=445759",
    "image": "https://thumbnail7.coupangcdn.com/thumbnails/remote/230x230ex/image/product/image/vendoritem/2019/03/20/3001161774/a4de0fd5-63eb-45c1-a9b0-20b180d72a58.jpg",
    "name": "세라피드_요로건강, .요로건강, 1개",
    "price": [
      "와우할인가 | 53% 18,000",
      "8,290원",
      "내일(토) 7/3 도착 보장",
      "내일(토) 새벽 도착 보장",
      "새 상품, 박스 훼손 (65) 최저 8,290원"
    ],
    "id": 70
  },
  {
    "link": "https://www.coupang.com/vp/products/8993738?itemId=39400553&vendorItemId=3059221247&sourceType=CAMPAIGN&campaignId=82&categoryId=445759",
    "image": "https://thumbnail6.coupangcdn.com/thumbnails/remote/230x230ex/image/retail/images/81168102461883-1c4b7a6e-7a03-49f7-99fa-806092683e5c.jpg",
    "name": "네츄럴코어 멀티프로테인 고양이 건식사료, 닭, 4.8kg",
    "price": [
      "53,000원",
      "(100g당 1,104원)",
      "내일(토) 7/3 도착 보장"
    ],
    "id": 71
  },
  {
    "link": "https://www.coupang.com/vp/products/2273872118?itemId=3900963362&vendorItemId=71885553676&sourceType=CAMPAIGN&campaignId=82&categoryId=445759",
    "image": "https://thumbnail7.coupangcdn.com/thumbnails/remote/230x230ex/image/retail/images/2020/10/15/12/6/d4d725ce-3805-4514-a7da-1c93ac77dc15.jpg",
    "name": "내추럴발란스 GRAIN FREE 참치 닭고기 캣 수제 스튜 캣 포뮬라 주식컵캔 12p, 생선, 71g",
    "price": [
      "32,580원",
      "(100g당 3,824원)",
      "내일(토) 7/3 도착 보장"
    ],
    "id": 72
  },
  {
    "link": "https://www.coupang.com/vp/products/199843534?itemId=579733809&vendorItemId=4518623589&sourceType=CAMPAIGN&campaignId=82&categoryId=445759",
    "image": "https://thumbnail10.coupangcdn.com/thumbnails/remote/230x230ex/image/retail/images/693572501821740-d6f170b3-e0d9-47f5-9bf3-d656bca83623.jpg",
    "name": "뉴트리나 리얼 오 플러스 오베서티 고양이 사료, 1.8kg, 1개",
    "price": [
      "와우할인가 | 10% 19,000",
      "17,100원",
      "(100g당 950원)",
      "내일(토) 7/3 도착 보장",
      "내일(토) 새벽 도착 보장"
    ],
    "id": 73
  },
  {
    "link": "https://www.coupang.com/vp/products/1785268634?itemId=3039780050&vendorItemId=71027843936&sourceType=CAMPAIGN&campaignId=82&categoryId=445759",
    "image": "https://thumbnail10.coupangcdn.com/thumbnails/remote/230x230ex/image/retail/images/2020/07/06/10/8/f4ca73ff-9fe2-4f5d-a154-dc5e771ef19d.jpg",
    "name": "캐츠랑 어덜트용 고양이 사료, 1개, 8kg",
    "price": [
      "5% 21,490",
      "20,320원",
      "(100g당 254원)",
      "내일(토) 7/3 도착 보장",
      "새 상품, 박스 훼손 (200) 최저 19,710원"
    ],
    "id": 74
  },
  {
    "link": "https://www.coupang.com/vp/products/200341?itemId=370198&vendorItemId=3000275804&sourceType=CAMPAIGN&campaignId=82&categoryId=445759",
    "image": "https://thumbnail9.coupangcdn.com/thumbnails/remote/230x230ex/image/product/image/vendoritem/2018/08/20/3000275804/d7bdef9b-d128-4b97-a658-a4e26a47a0df.jpg",
    "name": "투펫 캣 올라이프 고양이사료, 흰살생선, 2kg",
    "price": [
      "48% 12,000",
      "6,170원",
      "(10g당 31원)",
      "내일(토) 7/3 도착 보장"
    ],
    "id": 75
  },
  {
    "link": "https://www.coupang.com/vp/products/90652247?itemId=282643911&vendorItemId=3692780762&sourceType=CAMPAIGN&campaignId=82&categoryId=445759",
    "image": "https://thumbnail6.coupangcdn.com/thumbnails/remote/230x230ex/image/product/image/vendoritem/2019/03/19/3692780762/5b6f842f-fab3-4d53-ae57-34757659a93d.jpg",
    "name": "사조 옵티원 캣 연어아마씨 건식사료, 5.6kg, 1개",
    "price": [
      "21% 54,000",
      "42,580원",
      "(100g당 760원)",
      "내일(토) 7/3 도착 보장"
    ],
    "id": 76
  },
  {
    "link": "https://www.coupang.com/vp/products/2305700755?itemId=3974122290&vendorItemId=71958460775&sourceType=CAMPAIGN&campaignId=82&categoryId=445759",
    "image": "https://thumbnail7.coupangcdn.com/thumbnails/remote/230x230ex/image/retail/images/2020/10/16/12/1/7a9dbd2d-6805-4767-9dc3-91ecb47ca354.jpg",
    "name": "내추럴발란스 참치 앤 연어 앤 새우 스튜 고양이 포뮬라 주식캔 12p, 생선, 71g",
    "price": [
      "30,290원",
      "(100g당 3,555원)",
      "내일(토) 7/3 도착 보장",
      "내일(토) 새벽 도착 보장"
    ],
    "id": 77
  },
  {
    "link": "https://www.coupang.com/vp/products/170838752?itemId=488676573&vendorItemId=3197549018&sourceType=CAMPAIGN&campaignId=82&categoryId=445759",
    "image": "https://thumbnail10.coupangcdn.com/thumbnails/remote/230x230ex/image/product/image/vendoritem/2019/03/14/3197549018/1a758275-96d2-42fe-91c2-249d57cec64d.jpg",
    "name": "네이처스버라이어티 생식본능 얼티밋프로틴 치킨 고양이사료, 닭, 1.8kg",
    "price": [
      "와우할인가 | 25% 61,000",
      "45,410원",
      "(100g당 2,523원)",
      "내일(토) 7/3 도착 보장",
      "내일(토) 새벽 도착 보장"
    ],
    "id": 78
  },
  {
    "link": "https://www.coupang.com/vp/products/1487758071?itemId=2554366395&vendorItemId=70546901877&sourceType=CAMPAIGN&campaignId=82&categoryId=445759",
    "image": "https://thumbnail9.coupangcdn.com/thumbnails/remote/230x230ex/image/retail/images/2020/04/20/16/1/238f468d-d307-4ef9-b768-e03c27bd71a1.jpg",
    "name": "그린벨 전연령용 고양이 건식사료, 곡물, 1kg",
    "price": [
      "46% 18,360",
      "9,900원",
      "(100g당 990원)",
      "내일(토) 7/3 도착 보장",
      "내일(토) 새벽 도착 보장"
    ],
    "id": 79
  },
  {
    "link": "https://www.coupang.com/vp/products/71688444?itemId=239040091&vendorItemId=3588595412&sourceType=CAMPAIGN&campaignId=82&categoryId=445759",
    "image": "https://thumbnail7.coupangcdn.com/thumbnails/remote/230x230ex/image/retail/images/2018/03/22/15/8/e4deb1aa-e7ce-4326-a530-44f576f091b0.jpg",
    "name": "이즈칸 전연령용 콩 헬스라이프 가수분해 소화 & 장 건강 강아지 사료, 5kg, 1개",
    "price": [
      "12% 28,000",
      "24,500원",
      "(100g당 490원)",
      "내일(토) 7/3 도착 보장",
      "내일(토) 새벽 도착 보장"
    ],
    "id": 80
  },
  {
    "link": "https://www.coupang.com/vp/products/7820467?itemId=34232638&vendorItemId=3050679899&sourceType=CAMPAIGN&campaignId=82&categoryId=445759",
    "image": "https://thumbnail9.coupangcdn.com/thumbnails/remote/230x230ex/image/product/image/vendoritem/2019/03/11/3050679899/125b0638-3281-4f2e-8951-1082dcdebaa1.jpg",
    "name": "웰츠 키튼 캣 건식사료, 2.1kg, 1개",
    "price": [
      "와우할인가 | 23% 29,000",
      "22,190원",
      "(100g당 1,057원)",
      "내일(토) 7/3 도착 보장",
      "내일(토) 새벽 도착 보장",
      "새 상품, 박스 훼손 (11) 최저 22,190원"
    ],
    "id": 81
  },
  {
    "link": "https://www.coupang.com/vp/products/439072?itemId=1202078&vendorItemId=3001161778&sourceType=CAMPAIGN&campaignId=82&categoryId=445759",
    "image": "https://thumbnail6.coupangcdn.com/thumbnails/remote/230x230ex/image/product/image/vendoritem/2016/04/28/3001161778/af394f8c-ffd7-4fd4-a03a-da2cd4d48d8b.jpg",
    "name": "캐츠랑 세라피드 헤어볼컨트롤 사료, 2kg, 1개",
    "price": [
      "51% 18,000",
      "8,720원",
      "(100g당 436원)",
      "내일(토) 7/3 도착 보장",
      "내일(토) 새벽 도착 보장"
    ],
    "id": 82
  },
  {
    "link": "https://www.coupang.com/vp/products/188196480?itemId=537444600&vendorItemId=4403438638&sourceType=CAMPAIGN&campaignId=82&categoryId=445759",
    "image": "https://thumbnail9.coupangcdn.com/thumbnails/remote/230x230ex/image/product/image/vendoritem/2019/04/15/4403438638/4b561dad-f195-4897-95c0-b528abd37cc7.jpg",
    "name": "쉬바 고양이 주식 파우치 참치, 생선, 70g, 24개입",
    "price": [
      "29% 31,200",
      "21,870원",
      "(100g당 1,302원)",
      "내일(토) 7/3 도착 보장"
    ],
    "id": 83
  },
  {
    "link": "https://www.coupang.com/vp/products/1694972011?itemId=2885574294&vendorItemId=70874656320&sourceType=CAMPAIGN&campaignId=82&categoryId=445759",
    "image": "https://thumbnail6.coupangcdn.com/thumbnails/remote/230x230ex/image/retail/images/325201056642494-94cce094-4f6f-480d-a0af-d6e603d2a1fb.jpg",
    "name": "내추럴팩토리 전연령용 고양이 사료, 닭, 5kg",
    "price": [
      "13,900원",
      "(100g당 278원)",
      "내일(토) 7/3 도착 보장",
      "내일(토) 새벽 도착 보장",
      "새 상품, 박스 훼손 (3) 최저 13,480원"
    ],
    "id": 84
  },
  {
    "link": "https://www.coupang.com/vp/products/3238544?itemId=18860&vendorItemId=3000327477&sourceType=CAMPAIGN&campaignId=82&categoryId=445759",
    "image": "https://thumbnail8.coupangcdn.com/thumbnails/remote/230x230ex/image/retail/images/333950866453985-e9a9d7c6-50c0-46eb-85b8-0bcc4948f152.jpg",
    "name": "슈슈 프리미엄 전연령용 캣 사료, 닭, 5kg",
    "price": [
      "13,850",
      "13,750원",
      "(100g당 275원)",
      "내일(토) 7/3 도착 보장",
      "내일(토) 새벽 도착 보장"
    ],
    "id": 85
  },
  {
    "link": "https://www.coupang.com/vp/products/1129896231?itemId=2097484477&vendorItemId=70096374192&sourceType=CAMPAIGN&campaignId=82&categoryId=445759",
    "image": "https://thumbnail6.coupangcdn.com/thumbnails/remote/230x230ex/image/retail/images/65735479424336-72493266-3a11-440e-a0e3-3af2224e9b0c.jpg",
    "name": "내추럴발란스 팻 캣 포뮬라 드라이 캣 푸드 고양이 건식사료, 닭, 2.04kg",
    "price": [
      "34,000원",
      "(100g당 1,667원)",
      "내일(토) 7/3 도착 보장",
      "내일(토) 새벽 도착 보장"
    ],
    "id": 86
  },
  {
    "link": "https://www.coupang.com/vp/products/7081555?itemId=42100289&vendorItemId=3065085684&sourceType=CAMPAIGN&campaignId=82&categoryId=445759",
    "image": "https://thumbnail8.coupangcdn.com/thumbnails/remote/230x230ex/image/product/image/vendoritem/2019/02/27/3065085684/41a11e5a-73d8-43b4-9731-0a9cb775445d.jpg",
    "name": "이즈칸 캣 그레인프리 올라이프 고양이 건식사료, 2.5kg, 1개",
    "price": [
      "66% 44,000",
      "14,700원",
      "(100g당 588원)",
      "내일(토) 7/3 도착 보장",
      "내일(토) 새벽 도착 보장",
      "새 상품, 박스 훼손 (200) 최저 14,700원"
    ],
    "id": 87
  },
  {
    "link": "https://www.coupang.com/vp/products/2305700618?itemId=3974122059&vendorItemId=71958460606&sourceType=CAMPAIGN&campaignId=82&categoryId=445759",
    "image": "https://thumbnail9.coupangcdn.com/thumbnails/remote/230x230ex/image/retail/images/2020/10/16/12/9/dbfff156-9511-4fdc-9543-d8a85f3218b2.jpg",
    "name": "내추럴발란스 참치 앤 흰살생선 앤 정어리 스튜 고양이 포뮬라 주식캔 12p, 생선, 71g",
    "price": [
      "2% 28,250",
      "27,600원",
      "(100g당 3,239원)",
      "내일(토) 7/3 도착 보장",
      "내일(토) 새벽 도착 보장"
    ],
    "id": 88
  },
  {
    "link": "https://www.coupang.com/vp/products/1334693560?itemId=2360244727&vendorItemId=70356634305&sourceType=CAMPAIGN&campaignId=82&categoryId=445759",
    "image": "https://thumbnail6.coupangcdn.com/thumbnails/remote/230x230ex/image/retail/images/2020/03/06/16/3/8a8508cc-90dc-426e-bb11-10645405c19d.jpg",
    "name": "비타크래프트 성묘용 포에시 하트캔 고양이 주식 파우치, 치킨 + 당근 + 사과, 85g",
    "price": [
      "와우할인가 | 15% 15,450",
      "13,130원",
      "(100g당 1,030원)",
      "내일(토) 7/3 도착 보장"
    ],
    "id": 89
  },
  {
    "link": "https://www.coupang.com/vp/products/307934288?itemId=970944109&vendorItemId=5380429244&sourceType=CAMPAIGN&campaignId=82&categoryId=445759",
    "image": "https://thumbnail10.coupangcdn.com/thumbnails/remote/230x230ex/image/retail/images/2019/09/19/19/6/8d49d6b7-627b-402a-a5a3-e44746dcedad.jpg",
    "name": "사이언스다이어트 키튼 치킨 고양이 사료, 1.6kg, 1개",
    "price": [
      "3% 22,440",
      "21,750원",
      "(100g당 1,359원)",
      "내일(토) 7/3 도착 보장",
      "새 상품, 박스 훼손 (6) 최저 20,240원"
    ],
    "id": 90
  },
  {
    "link": "https://www.coupang.com/vp/products/1237520105?itemId=2232784466&vendorItemId=70230364921&sourceType=CAMPAIGN&campaignId=82&categoryId=445759",
    "image": "https://thumbnail8.coupangcdn.com/thumbnails/remote/230x230ex/image/retail/images/692421946032819-091c74fa-2d8e-4008-b930-d1bbb6eda862.png",
    "name": "벤티 캣 주식 파우치 12p, 닭 + 가다랑어, 50g",
    "price": [
      "13,000원",
      "(100g당 2,167원)",
      "내일(토) 7/3 도착 보장",
      "내일(토) 새벽 도착 보장"
    ],
    "id": 91
  },
  {
    "link": "https://www.coupang.com/vp/products/2244666011?itemId=3836023450&vendorItemId=71820857811&sourceType=CAMPAIGN&campaignId=82&categoryId=445759",
    "image": "https://thumbnail8.coupangcdn.com/thumbnails/remote/230x230ex/image/retail/images/2020/10/15/15/3/975c9ecf-c0ea-47f0-86de-408cfc9a5e99.jpg",
    "name": "엔젤스캣 전연령 고양이 건식사료 닭고기 & 연어, 닭, 5kg",
    "price": [
      "16% 11,610",
      "9,660원",
      "(100g당 193원)",
      "내일(토) 7/3 도착 보장",
      "내일(토) 새벽 도착 보장"
    ],
    "id": 92
  },
  {
    "link": "https://www.coupang.com/vp/products/1464204141?itemId=2518321438&vendorItemId=70511254306&sourceType=CAMPAIGN&campaignId=82&categoryId=445759",
    "image": "https://thumbnail10.coupangcdn.com/thumbnails/remote/230x230ex/image/retail/images/2020/04/03/15/8/1667679f-cb25-4923-81c6-2b14e8553146.jpg",
    "name": "go 전연련용 솔루션 스킨앤코트 레시피 고양이 건식 사료, 닭, 1.36kg",
    "price": [
      "21,080원",
      "(100g당 1,550원)",
      "내일(토) 7/3 도착 보장",
      "내일(토) 새벽 도착 보장"
    ],
    "id": 93
  },
  {
    "link": "https://www.coupang.com/vp/products/8993742?itemId=39400558&vendorItemId=3059221268&sourceType=CAMPAIGN&campaignId=82&categoryId=445759",
    "image": "https://thumbnail10.coupangcdn.com/thumbnails/remote/230x230ex/image/retail/images/1962601520450-cdfa1e95-f416-41d5-8de5-5cc74b46a27b.jpg",
    "name": "네츄럴코어 베네 M70 고양이 건식사료, 생선, 9kg",
    "price": [
      "58,100원",
      "(100g당 646원)",
      "내일(토) 7/3 도착 보장",
      "내일(토) 새벽 도착 보장"
    ],
    "id": 94
  },
  {
    "link": "https://www.coupang.com/vp/products/2273871927?itemId=3900963023&vendorItemId=71885553197&sourceType=CAMPAIGN&campaignId=82&categoryId=445759",
    "image": "https://thumbnail10.coupangcdn.com/thumbnails/remote/230x230ex/image/retail/images/2020/10/15/12/5/236144b8-24f5-4fe3-9f40-d2490fe99ba9.jpg",
    "name": "내추럴발란스 GRAIN FREE 닭고기 닭간 수제 스튜 캣 포뮬라 주식컵캔 12p, 닭, 71g",
    "price": [
      "27% 24,000",
      "17,400원",
      "(100g당 2,042원)",
      "내일(토) 7/3 도착 보장"
    ],
    "id": 95
  },
  {
    "link": "https://www.coupang.com/vp/products/10228775?itemId=44905530&vendorItemId=3070051881&sourceType=CAMPAIGN&campaignId=82&categoryId=445759",
    "image": "https://thumbnail6.coupangcdn.com/thumbnails/remote/230x230ex/image/product/image/vendoritem/2019/09/02/3070051881/b7123abc-ce71-4c3b-8c29-422b70698ca1.jpg",
    "name": "팬시피스트 치킨 하트 앤 리버 고양이 캔, 85g, 24개입",
    "price": [
      "29% 36,000",
      "25,250원",
      "(100g당 1,238원)",
      "내일(토) 7/3 도착 보장"
    ],
    "id": 96
  },
  {
    "link": "https://www.coupang.com/vp/products/232938126?itemId=739914847&vendorItemId=4868464843&sourceType=CAMPAIGN&campaignId=82&categoryId=445759",
    "image": "https://thumbnail8.coupangcdn.com/thumbnails/remote/230x230ex/image/retail/images/2019/05/28/14/2/08559872-2587-46e5-858c-3b39fc7bb1ef.jpg",
    "name": "나우프레쉬 그레인 프리 피쉬 어덜트 씨에프 고양이 사료, 7.26kg, 1개",
    "price": [
      "10% 100,000",
      "90,000원",
      "(100g당 1,240원)",
      "내일(토) 7/3 도착 보장",
      "내일(토) 새벽 도착 보장"
    ],
    "id": 97
  },
  {
    "link": "https://www.coupang.com/vp/products/339863909?itemId=1082327294&vendorItemId=5585353626&sourceType=CAMPAIGN&campaignId=82&categoryId=445759",
    "image": "https://thumbnail6.coupangcdn.com/thumbnails/remote/230x230ex/image/retail/images/2019/11/12/20/4/ce676c42-d04a-47a9-a043-e47f28ff225e.jpg",
    "name": "벨버드 캣츠맘마 인도어 전연령 고양이사료, 5kg, 1개",
    "price": [
      "와우할인가 | 2% 11,000",
      "10,780원",
      "(100g당 216원)",
      "내일(토) 7/3 도착 보장",
      "내일(토) 새벽 도착 보장"
    ],
    "id": 98
  },
  {
    "link": "https://www.coupang.com/vp/products/199837681?itemId=579683128&vendorItemId=4518548936&sourceType=CAMPAIGN&campaignId=82&categoryId=445759",
    "image": "https://thumbnail9.coupangcdn.com/thumbnails/remote/230x230ex/image/retail/images/2019/03/13/23/9/ebbbf84d-1025-48a2-ae2b-b12665340f56.jpg",
    "name": "뉴트리나 리얼 오 플러스 키튼 고양이 사료, 1.8kg, 1개",
    "price": [
      "와우할인가 | 10% 18,400",
      "16,560원",
      "(100g당 920원)",
      "내일(토) 7/3 도착 보장",
      "내일(토) 새벽 도착 보장"
    ],
    "id": 99
  },
  {
    "link": "https://www.coupang.com/vp/products/5351756270?itemId=494238388&vendorItemId=4254173793&sourceType=CAMPAIGN&campaignId=82&categoryId=445759",
    "image": "https://thumbnail7.coupangcdn.com/thumbnails/remote/230x230ex/image/retail/images/1886034864476809-65116fc6-3b05-4d3b-b58f-f7116dc5a261.jpg",
    "name": "카나간 그레인프리 고양이 사료 스코티쉬 살몬 맛, 1.5kg, 1개",
    "price": [
      "42% 48,000",
      "27,750원",
      "(100g당 1,850원)",
      "내일(토) 7/3 도착 보장",
      "내일(토) 새벽 도착 보장"
    ],
    "id": 100
  },
  {
    "link": "https://www.coupang.com/vp/products/7129663?itemId=31551171&vendorItemId=3046781703&sourceType=CAMPAIGN&campaignId=82&categoryId=445759",
    "image": "https://thumbnail9.coupangcdn.com/thumbnails/remote/230x230ex/image/product/image/vendoritem/2019/04/25/3046781703/b342bcbe-263d-4454-9509-d1a475132c63.jpg",
    "name": "네츄럴오 유기농 쌀과 연어 체중조절 고양이 사료, 1kg, 1개",
    "price": [
      "24% 16,000",
      "12,020원",
      "(100g당 1,202원)",
      "내일(토) 7/3 도착 보장",
      "내일(토) 새벽 도착 보장"
    ],
    "id": 101
  },
  {
    "link": "https://www.coupang.com/vp/products/22835581?itemId=88655535&vendorItemId=3152707037&sourceType=CAMPAIGN&campaignId=82&categoryId=445759",
    "image": "https://thumbnail10.coupangcdn.com/thumbnails/remote/230x230ex/image/product/image/vendoritem/2019/03/21/3152707037/b9f7124a-9871-4fb6-bfb9-53a09ebf3c16.jpg",
    "name": "웰츠 캣 연어 고양이 사료, 2.1kg, 1개",
    "price": [
      "와우할인가 | 14% 28,800",
      "24,760원",
      "(100g당 1,179원)",
      "내일(토) 7/3 도착 보장",
      "새 상품, 박스 훼손 (5) 최저 24,200원"
    ],
    "id": 102
  },
  {
    "link": "https://www.coupang.com/vp/products/112598178?itemId=338700613&vendorItemId=70252468657&sourceType=CAMPAIGN&campaignId=82&categoryId=445759",
    "image": "https://thumbnail8.coupangcdn.com/thumbnails/remote/230x230ex/image/retail/images/2020/02/07/20/4/8ad2da10-bc4f-4443-a380-6e9c863af82a.jpg",
    "name": "펫에그 고양이 KMR 파우더 초유 분유, 340g, 1개",
    "price": [
      "2% 30,870",
      "29,990원",
      "(10g당 882원)",
      "내일(토) 7/3 도착 보장",
      "내일(토) 새벽 도착 보장"
    ],
    "id": 103
  },
  {
    "link": "https://www.coupang.com/vp/products/303701408?itemId=955406623&vendorItemId=5352577544&sourceType=CAMPAIGN&campaignId=82&categoryId=445759",
    "image": "https://thumbnail7.coupangcdn.com/thumbnails/remote/230x230ex/image/retail/images/2019/09/19/13/5/7afb12a4-ba5e-4f3e-ae5a-27bd43ebe224.jpg",
    "name": "네코 골드 참치 가다랑어포 고양이 사료, 85g, 12개",
    "price": [
      "12,720원",
      "(100g당 1,247원)",
      "내일(토) 7/3 도착 보장"
    ],
    "id": 104
  },
  {
    "link": "https://www.coupang.com/vp/products/1791724197?itemId=3048981374&vendorItemId=71037004390&sourceType=CAMPAIGN&campaignId=82&categoryId=445759",
    "image": "https://thumbnail6.coupangcdn.com/thumbnails/remote/230x230ex/image/retail/images/2020/07/07/14/5/f062cd9f-1657-46e8-8220-bb5b0aa12c0f.jpg",
    "name": "캐츠랑 키튼 고양이 사료, 닭, 4kg",
    "price": [
      "16% 15,300",
      "12,800원",
      "(100g당 320원)",
      "내일(토) 7/3 도착 보장",
      "내일(토) 새벽 도착 보장"
    ],
    "id": 105
  },
  {
    "link": "https://www.coupang.com/vp/products/274723630?itemId=867797234&vendorItemId=5196276668&sourceType=CAMPAIGN&campaignId=82&categoryId=445759",
    "image": "https://thumbnail10.coupangcdn.com/thumbnails/remote/230x230ex/image/retail/images/2019/08/06/9/2/2535b5d5-f6fa-4aa5-be4f-fc94ddcdff33.jpg",
    "name": "카루 클래식 치킨 스튜 멀티팩 고양이 습식사료, 170g, 4개",
    "price": [
      "12% 22,420",
      "19,560원",
      "(100g당 2,876원)",
      "내일(토) 7/3 도착 보장",
      "내일(토) 새벽 도착 보장"
    ],
    "id": 106
  },
  {
    "link": "https://www.coupang.com/vp/products/1431701451?itemId=2472823333&vendorItemId=70466208735&sourceType=CAMPAIGN&campaignId=82&categoryId=445759",
    "image": "https://thumbnail8.coupangcdn.com/thumbnails/remote/230x230ex/image/retail/images/2020/03/25/12/5/58804bbd-2a0d-4faf-bbe7-833b25c9bafb.jpg",
    "name": "웰니스 어덜트용 코어 디바인듀오 고양이 습식사료, 참치 + 연어, 79g",
    "price": [
      "24,250원",
      "(100g당 2,558원)",
      "내일(토) 7/3 도착 보장",
      "내일(토) 새벽 도착 보장"
    ],
    "id": 107
  },
  {
    "link": "https://www.coupang.com/vp/products/5144525440?itemId=7059988770&vendorItemId=3692780337&sourceType=CAMPAIGN&campaignId=82&categoryId=445759",
    "image": "https://thumbnail8.coupangcdn.com/thumbnails/remote/230x230ex/image/retail/images/368765221009130-302b6b00-7225-4ed8-8a2c-1ccb15e62c23.jpg",
    "name": "사조 옵티원 부스트 캔 닭안심과 맛살 고양이 습식사료, 닭, 160g, 24개",
    "price": [
      "44% 28,800",
      "16,080원",
      "(100g당 419원)",
      "내일(토) 7/3 도착 보장",
      "내일(토) 새벽 도착 보장"
    ],
    "id": 108
  },
  {
    "link": "https://www.coupang.com/vp/products/1841772?itemId=8099134&vendorItemId=3011330461&sourceType=CAMPAIGN&campaignId=82&categoryId=445759",
    "image": "https://thumbnail7.coupangcdn.com/thumbnails/remote/230x230ex/image/product/image/vendoritem/2019/03/28/3011330461/e4fd4162-b9fa-4878-85f5-2e9c60453016.jpg",
    "name": "네츄럴오 키튼 유기농쌀과 연어 고양이 사료, 1kg, 1개",
    "price": [
      "와우할인가 | 32% 16,000",
      "10,810원",
      "(100g당 1,081원)",
      "내일(토) 7/3 도착 보장",
      "내일(토) 새벽 도착 보장"
    ],
    "id": 109
  },
  {
    "link": "https://www.coupang.com/vp/products/7820468?itemId=34232639&vendorItemId=3050679902&sourceType=CAMPAIGN&campaignId=82&categoryId=445759",
    "image": "https://thumbnail6.coupangcdn.com/thumbnails/remote/230x230ex/image/product/image/vendoritem/2019/03/15/3050679902/d923c9bd-e664-45ce-8376-ebf482cbec02.jpg",
    "name": "웰츠 어덜트 캣 2.1kg 건식사료, 1개",
    "price": [
      "와우할인가 | 24% 29,000",
      "21,980원",
      "(100g당 1,047원)",
      "내일(토) 7/3 도착 보장",
      "내일(토) 새벽 도착 보장"
    ],
    "id": 110
  },
  {
    "link": "https://www.coupang.com/vp/products/188196540?itemId=537444788&vendorItemId=4403439462&sourceType=CAMPAIGN&campaignId=82&categoryId=445759",
    "image": "https://thumbnail7.coupangcdn.com/thumbnails/remote/230x230ex/image/retail/images/92401508832462-23b3b7b7-c7a0-4a44-8fdb-f7d371ac0371.jpg",
    "name": "쉬바 고양이 주식 파우치 참치와 도미, 70g, 24개입",
    "price": [
      "22% 31,200",
      "24,050원",
      "(100g당 1,432원)",
      "내일(토) 7/3 도착 보장",
      "내일(토) 새벽 도착 보장"
    ],
    "id": 111
  },
  {
    "link": "https://www.coupang.com/vp/products/59120152?itemId=204384234&vendorItemId=3484177430&sourceType=CAMPAIGN&campaignId=82&categoryId=445759",
    "image": "https://thumbnail9.coupangcdn.com/thumbnails/remote/230x230ex/image/product/image/vendoritem/2019/04/09/3484177430/a527bbe1-a723-4a31-a1ae-0352f0af2394.jpg",
    "name": "네이처스버라이어티 생식본능 RBK 치킨 고양이사료, 4.5kg, 1개",
    "price": [
      "28% 99,000",
      "70,880원",
      "(100g당 1,575원)",
      "내일(토) 7/3 도착 보장"
    ],
    "id": 112
  },
  {
    "link": "https://www.coupang.com/vp/products/4655599710?itemId=5809134182&vendorItemId=73107539362&sourceType=CAMPAIGN&campaignId=82&categoryId=445759",
    "image": "https://thumbnail10.coupangcdn.com/thumbnails/remote/230x230ex/image/retail/images/2020/12/22/10/2/efb52d4c-0b98-4bc0-b839-3cbc07d8045c.jpg",
    "name": "아보덤 그레인프리 고양이 주식캔, 치킨 + 오리 혼합맛, 85g",
    "price": [
      "35,100원",
      "내일(토) 7/3 도착 보장",
      "내일(토) 새벽 도착 보장"
    ],
    "id": 113
  },
  {
    "link": "https://www.coupang.com/vp/products/243987545?itemId=774274535&vendorItemId=5393798533&sourceType=CAMPAIGN&campaignId=82&categoryId=445759",
    "image": "https://thumbnail7.coupangcdn.com/thumbnails/remote/230x230ex/image/retail/images/2019/09/23/17/2/8ae06396-dcae-4d05-a7a1-f120f34800a5.jpg",
    "name": "사이언스다이어트 강아지 어덜트 스몰포 라이트 다이어트 사료, 1개, 7kg",
    "price": [
      "1% 66,500",
      "65,650원",
      "(100g당 938원)",
      "내일(토) 7/3 도착 보장",
      "내일(토) 새벽 도착 보장",
      "새 상품, 박스 훼손 (4) 최저 63,680원"
    ],
    "id": 114
  },
  {
    "link": "https://www.coupang.com/vp/products/307934273?itemId=970944028&vendorItemId=5380428984&sourceType=CAMPAIGN&campaignId=82&categoryId=445759",
    "image": "https://thumbnail6.coupangcdn.com/thumbnails/remote/230x230ex/image/retail/images/2019/09/19/19/6/57d0d731-bfcf-4394-bc56-6f40cc074c84.jpg",
    "name": "사이언스다이어트 어덜트 7+ 헤어볼 컨트롤 치킨 고양이 사료, 1.6kg, 1개",
    "price": [
      "11% 25,600",
      "22,530원",
      "(100g당 1,408원)",
      "내일(토) 7/3 도착 보장"
    ],
    "id": 115
  },
  {
    "link": "https://www.coupang.com/vp/products/127829?itemId=235220&vendorItemId=3000167958&sourceType=CAMPAIGN&campaignId=82&categoryId=445759",
    "image": "https://thumbnail6.coupangcdn.com/thumbnails/remote/230x230ex/image/product/image/vendoritem/2019/04/15/3000167958/07f480b4-79eb-48dd-b345-1dfa6c941bc0.jpg",
    "name": "[트로벳] KMS 어린 고양이분유, 150g",
    "price": [
      "와우할인가 | 8% 20,000",
      "18,280원",
      "(10g당 1,219원)",
      "내일(토) 7/3 도착 보장",
      "내일(토) 새벽 도착 보장",
      "새 상품, 박스 훼손 (3) 최저 18,280원"
    ],
    "id": 116
  },
  {
    "link": "https://www.coupang.com/vp/products/1118896256?itemId=2084279719&vendorItemId=70083304954&sourceType=CAMPAIGN&campaignId=82&categoryId=445759",
    "image": "https://thumbnail7.coupangcdn.com/thumbnails/remote/230x230ex/image/retail/images/2019/12/24/16/8/13893041-981e-4a1b-8a92-bc4c4c7dd6c8.jpg",
    "name": "내추럴발란스 LID 캣 푸드 수제 브로스 컵캔 4p, 참치&호박, 78g",
    "price": [
      "4% 10,000",
      "9,600원",
      "(100g당 3,077원)",
      "내일(토) 7/3 도착 보장"
    ],
    "id": 117
  },
  {
    "link": "https://www.coupang.com/vp/products/4805351101?itemId=6174497338&vendorItemId=73470511178&sourceType=CAMPAIGN&campaignId=82&categoryId=445759",
    "image": "https://thumbnail7.coupangcdn.com/thumbnails/remote/230x230ex/image/rs_quotation_api/gtypurpg/02200abeb1b74efe9e4013ba9187ff63.jpg",
    "name": "냥셰프 성묘용 그레인프리 치킨앤피쉬 고양이 건식사료, 닭, 2kg",
    "price": [
      "와우할인가 | 18% 23,000",
      "18,810원",
      "내일(토) 7/3 도착 보장",
      "내일(토) 새벽 도착 보장",
      "새 상품, 박스 훼손 (3) 최저 18,810원"
    ],
    "id": 118
  },
  {
    "link": "https://www.coupang.com/vp/products/5142232463?itemId=7051537660&vendorItemId=74343832409&sourceType=CAMPAIGN&campaignId=82&categoryId=445759",
    "image": "https://thumbnail6.coupangcdn.com/thumbnails/remote/230x230ex/image/rs_quotation_api/tbsf8ccp/f01742ececad4d46a1f8d9e5d9361620.jpg",
    "name": "ANF 캣 그레인프리 연어와 노란콩 건식사료, 2.72kg, 생선",
    "price": [
      "3% 24,750",
      "24,000원",
      "내일(토) 7/3 도착 보장",
      "내일(토) 새벽 도착 보장"
    ],
    "id": 119
  },
  {
    "link": "https://www.coupang.com/vp/products/5347080687?itemId=7854301396&vendorItemId=75143972774&sourceType=CAMPAIGN&campaignId=82&categoryId=445759",
    "image": "https://thumbnail8.coupangcdn.com/thumbnails/remote/230x230ex/image/retail/images/487752380586364-8d4a0993-308c-4db8-b568-d0113419d6b3.jpg",
    "name": "톰스패밀리 전연령용 2in1 엑설런트 포뮬러 리얼피쉬 앤 튜나 고양이 건식사료, 1.7kg, 생선",
    "price": [
      "와우할인가 | 5% 16,970",
      "16,120원",
      "내일(토) 7/3 도착 보장",
      "내일(토) 새벽 도착 보장"
    ],
    "id": 120
  },
  {
    "link": "https://www.coupang.com/vp/products/207931089?itemId=616265950&vendorItemId=4616779508&sourceType=CAMPAIGN&campaignId=82&categoryId=445759",
    "image": "https://thumbnail8.coupangcdn.com/thumbnails/remote/230x230ex/image/retail/images/2019/04/04/16/1/28cd8339-22a0-483d-8441-238dd885fc7d.jpg",
    "name": "서울사료 테비랑 플러스 고양이 사료 유산균, 5kg, 1개",
    "price": [
      "와우할인가 | 3% 14,330",
      "13,900원",
      "(100g당 278원)",
      "내일(토) 7/3 도착 보장",
      "내일(토) 새벽 도착 보장",
      "새 상품, 박스 훼손 (3) 최저 13,480원"
    ],
    "id": 121
  },
  {
    "link": "https://www.coupang.com/vp/products/1093515714?itemId=2050264372&vendorItemId=70049588840&sourceType=CAMPAIGN&campaignId=82&categoryId=445759",
    "image": "https://thumbnail9.coupangcdn.com/thumbnails/remote/230x230ex/image/retail/images/2019/12/13/19/8/ea9ea5fb-442a-4fd9-9477-9803f46ee367.jpg",
    "name": "위스카스 포켓 고양이 건식 사료, 닭, 3kg",
    "price": [
      "3% 15,190",
      "14,660원",
      "(100g당 489원)",
      "내일(토) 7/3 도착 보장",
      "내일(토) 새벽 도착 보장"
    ],
    "id": 122
  },
  {
    "link": "https://www.coupang.com/vp/products/71691001?itemId=239048071&vendorItemId=3588617956&sourceType=CAMPAIGN&campaignId=82&categoryId=445759",
    "image": "https://thumbnail6.coupangcdn.com/thumbnails/remote/230x230ex/image/product/image/vendoritem/2018/11/27/3588617956/9a884562-963f-45f1-9963-887a754cd70c.jpg",
    "name": "이즈칸 캣 하이에너지 건식사료, 10kg, 1개",
    "price": [
      "30% 60,000",
      "41,900원",
      "(100g당 419원)",
      "내일(토) 7/3 도착 보장",
      "내일(토) 새벽 도착 보장"
    ],
    "id": 123
  },
  {
    "link": "https://www.coupang.com/vp/products/5063499721?itemId=6840528367&vendorItemId=74133149197&sourceType=CAMPAIGN&campaignId=82&categoryId=445759",
    "image": "https://thumbnail6.coupangcdn.com/thumbnails/remote/230x230ex/image/retail/images/2021/02/24/12/3/90906715-a66d-49d1-b90c-f9896f2c1e22.jpg",
    "name": "ANF 캣 홀리스틱 헬시키튼, 2.4kg, 치킨 + 과일 + 야채 + 생선",
    "price": [
      "8% 22,390",
      "20,380원",
      "내일(토) 7/3 도착 보장",
      "내일(토) 새벽 도착 보장"
    ],
    "id": 124
  },
  {
    "link": "https://www.coupang.com/vp/products/1297259050?itemId=2310184357&vendorItemId=70306998720&sourceType=CAMPAIGN&campaignId=82&categoryId=445759",
    "image": "https://thumbnail7.coupangcdn.com/thumbnails/remote/230x230ex/image/retail/images/943623292334-271215db-cbb1-4c81-8c6f-91fa1db2a6b5.jpg",
    "name": "네츄럴코어 생후 3개월 C3 베네 3012 고양이 건식 사료, 닭, 9kg",
    "price": [
      "42,000원",
      "(100g당 467원)",
      "내일(토) 7/3 도착 보장"
    ],
    "id": 125
  },
  {
    "link": "https://www.coupang.com/vp/products/1909732009?itemId=3242606487&vendorItemId=71229791870&sourceType=CAMPAIGN&campaignId=82&categoryId=445759",
    "image": "https://thumbnail9.coupangcdn.com/thumbnails/remote/230x230ex/image/retail/images/2020/07/30/21/1/912ad881-ebda-403d-9026-5c1555b12c4e.jpg",
    "name": "나비랑플러스 소분포장 고양이 사료 40p, 닭, 500g",
    "price": [
      "32,900원",
      "(100g당 165원)",
      "내일(토) 7/3 도착 보장",
      "내일(토) 새벽 도착 보장"
    ],
    "id": 126
  },
  {
    "link": "https://www.coupang.com/vp/products/2468235?itemId=11377539&vendorItemId=3003271227&sourceType=CAMPAIGN&campaignId=82&categoryId=445759",
    "image": "https://thumbnail6.coupangcdn.com/thumbnails/remote/230x230ex/image/product/image/vendoritem/2019/02/14/3003271227/d4a03ad9-1d6b-4240-8059-16d8c5281ccf.jpg",
    "name": "뉴웨이브 고양이 홀리스틱 연어 사료, 4.8kg, 1개",
    "price": [
      "2% 35,470",
      "34,650원",
      "(100g당 722원)",
      "내일(토) 7/3 도착 보장",
      "내일(토) 새벽 도착 보장"
    ],
    "id": 127
  },
  {
    "link": "https://www.coupang.com/vp/products/5144216622?itemId=7058957639&vendorItemId=74351169360&sourceType=CAMPAIGN&campaignId=82&categoryId=445759",
    "image": "https://thumbnail9.coupangcdn.com/thumbnails/remote/230x230ex/image/rs_quotation_api/mluq3bt3/b252f4bc85864e54a7d74d6b1a0cc963.jpg",
    "name": "ANF 전연령 고양이 그레인프리 칠면조 치킨 고양이 건식사료, 2.72kg",
    "price": [
      "12% 27,000",
      "23,650원",
      "내일(토) 7/3 도착 보장",
      "내일(토) 새벽 도착 보장"
    ],
    "id": 128
  },
  {
    "link": "https://www.coupang.com/vp/products/175631462?itemId=502268432&vendorItemId=4282040832&sourceType=CAMPAIGN&campaignId=82&categoryId=445759",
    "image": "https://thumbnail9.coupangcdn.com/thumbnails/remote/230x230ex/image/product/image/vendoritem/2019/06/24/4282040832/1cbbf2ae-1e45-4fc4-a8a4-c00fc8ce6c7e.jpg",
    "name": "1004 스마트 캣츠유 고양이사료, 15kg, 1개",
    "price": [
      "25,800원",
      "(100g당 172원)",
      "내일(토) 7/3 도착 보장"
    ],
    "id": 129
  },
  {
    "link": "https://www.coupang.com/vp/products/277763507?itemId=880257721&vendorItemId=5219757450&sourceType=CAMPAIGN&campaignId=82&categoryId=445759",
    "image": "https://thumbnail7.coupangcdn.com/thumbnails/remote/230x230ex/image/retail/images/2019/08/08/10/0/fdbe0822-5c7b-4065-8776-7eb2e6a06540.jpg",
    "name": "비타크래프트 포에시 하트캔 고양이 주식캔 치킨&야채, 85g, 15개",
    "price": [
      "와우할인가 | 18% 15,600",
      "12,750원",
      "(100g당 1,000원)",
      "내일(토) 7/3 도착 보장"
    ],
    "id": 130
  },
  {
    "link": "https://www.coupang.com/vp/products/307934257?itemId=970943991&vendorItemId=5380428856&sourceType=CAMPAIGN&campaignId=82&categoryId=445759",
    "image": "https://thumbnail7.coupangcdn.com/thumbnails/remote/230x230ex/image/retail/images/2019/09/19/19/2/c09afecf-89a7-406e-ba86-6d1676c016b8.jpg",
    "name": "사이언스다이어트 어덜트 7+ 인도어 치킨 고양이 사료, 1.6kg, 1개",
    "price": [
      "12% 27,350",
      "23,810원",
      "(100g당 1,488원)",
      "내일(토) 7/3 도착 보장",
      "새 상품, 박스 훼손 (6) 최저 23,090원"
    ],
    "id": 131
  },
  {
    "link": "https://www.coupang.com/vp/products/1841798?itemId=8099231&vendorItemId=3011331282&sourceType=CAMPAIGN&campaignId=82&categoryId=445759",
    "image": "https://thumbnail10.coupangcdn.com/thumbnails/remote/230x230ex/image/retail/images/437827590689707-28e9056d-005d-40ab-a51a-8f337a09a582.jpg",
    "name": "네츄럴오 전연령 유기농 쌀과 연어 인도어캣 건식사료, 곡물, 1kg",
    "price": [
      "24% 16,000",
      "12,020원",
      "(100g당 1,202원)",
      "내일(토) 7/3 도착 보장",
      "내일(토) 새벽 도착 보장"
    ],
    "id": 132
  },
  {
    "link": "https://www.coupang.com/vp/products/1251783991?itemId=2251248904&vendorItemId=70248622851&sourceType=CAMPAIGN&campaignId=82&categoryId=445759",
    "image": "https://thumbnail6.coupangcdn.com/thumbnails/remote/230x230ex/image/retail/images/2020/02/06/11/5/f6271764-1375-4603-8b3b-e8cce986fbe9.jpg",
    "name": "치킨수프 클래식 키튼 닭고기 현미와 완두 콩 고양이 건식사료, 닭, 6.12kg",
    "price": [
      "와우할인가 | 24% 79,000",
      "60,040원",
      "(100g당 981원)",
      "내일(토) 7/3 도착 보장",
      "내일(토) 새벽 도착 보장"
    ],
    "id": 133
  },
  {
    "link": "https://www.coupang.com/vp/products/7129665?itemId=31551184&vendorItemId=3046781690&sourceType=CAMPAIGN&campaignId=82&categoryId=445759",
    "image": "https://thumbnail9.coupangcdn.com/thumbnails/remote/230x230ex/image/product/image/vendoritem/2019/04/17/3046781690/8963e272-2b99-4aaa-92a3-486a0dcf8623.jpg",
    "name": "네츄럴오 유기농쌀과 연어 캣사료 피부, 1kg, 1개",
    "price": [
      "24% 16,000",
      "12,020원",
      "(100g당 1,202원)",
      "내일(토) 7/3 도착 보장",
      "내일(토) 새벽 도착 보장"
    ],
    "id": 134
  },
  {
    "link": "https://www.coupang.com/vp/products/1918811216?itemId=3257983481&vendorItemId=71245048791&sourceType=CAMPAIGN&campaignId=82&categoryId=445759",
    "image": "https://thumbnail7.coupangcdn.com/thumbnails/remote/230x230ex/image/retail/images/2020/08/05/9/9/79158e66-c950-45d2-a030-afe79dd800f8.jpg",
    "name": "프로바이오틱라이브 어덜트 고양이 건식사료, 오리, 2kg",
    "price": [
      "37,600원",
      "(100g당 1,880원)",
      "내일(토) 7/3 도착 보장"
    ],
    "id": 135
  },
  {
    "link": "https://www.coupang.com/vp/products/1635001366?itemId=2788596924&vendorItemId=70778313999&sourceType=CAMPAIGN&campaignId=82&categoryId=445759",
    "image": "https://thumbnail9.coupangcdn.com/thumbnails/remote/230x230ex/image/retail/images/2020/05/27/14/8/da3c9738-4436-4c51-b92e-7f85e702d550.jpg",
    "name": "아이디얼레시피 어덜트용 인도어 그레인프리 고양이 사료, 고구마, 6kg",
    "price": [
      "와우할인가 | 20% 39,900",
      "31,920원",
      "(100g당 532원)",
      "내일(토) 7/3 도착 보장",
      "내일(토) 새벽 도착 보장"
    ],
    "id": 136
  },
  {
    "link": "https://www.coupang.com/vp/products/1110987?itemId=4784354&vendorItemId=3005862647&sourceType=CAMPAIGN&campaignId=82&categoryId=445759",
    "image": "https://thumbnail10.coupangcdn.com/thumbnails/remote/230x230ex/image/product/image/vendoritem/2019/05/21/3005862647/6fedd3ef-a74c-4b6e-a30b-9a7d86df326b.jpg",
    "name": "웰니스코어 키튼 고양이 사료, 900g, 1개",
    "price": [
      "3% 13,930",
      "13,510원",
      "(100g당 1,501원)",
      "내일(토) 7/3 도착 보장",
      "내일(토) 새벽 도착 보장",
      "새 상품, 박스 훼손 (2) 최저 12,560원"
    ],
    "id": 137
  },
  {
    "link": "https://www.coupang.com/vp/products/2160329036?itemId=3669909082&vendorItemId=71655300170&sourceType=CAMPAIGN&campaignId=82&categoryId=445759",
    "image": "https://thumbnail7.coupangcdn.com/thumbnails/remote/230x230ex/image/retail/images/2020/09/17/14/9/4e671dc6-b965-4a42-bdf2-cc8241096f08.jpg",
    "name": "테라펠리스 치킨과 호박 클래식 고양이 습식사료 3p, 치킨, 100g",
    "price": [
      "12,860원",
      "(100g당 4,287원)",
      "내일(토) 7/3 도착 보장",
      "내일(토) 새벽 도착 보장"
    ],
    "id": 138
  },
  {
    "link": "https://www.coupang.com/vp/products/26806640?itemId=103715736&vendorItemId=3197549016&sourceType=CAMPAIGN&campaignId=82&categoryId=445759",
    "image": "https://thumbnail8.coupangcdn.com/thumbnails/remote/230x230ex/image/product/image/vendoritem/2019/03/25/3197549016/e146cbfc-ea7b-4eba-a1a9-8e0d8e017a87.jpg",
    "name": "네이처스버라이어티 생식본능 LID 칠면조 고양이사료, 2.2kg, 1개",
    "price": [
      "22% 53,000",
      "40,850원",
      "(100g당 1,857원)",
      "내일(토) 7/3 도착 보장",
      "내일(토) 새벽 도착 보장"
    ],
    "id": 139
  },
  {
    "link": "https://www.coupang.com/vp/products/111309903?itemId=335295835&vendorItemId=3822620506&sourceType=CAMPAIGN&campaignId=82&categoryId=445759",
    "image": "https://thumbnail6.coupangcdn.com/thumbnails/remote/230x230ex/image/product/image/vendoritem/2019/04/01/3822620506/4d9e2550-0ad9-4677-92b6-448d64dd326d.jpg",
    "name": "그랜마메이스 그레인프리 고양이사료 치킨, 5.44kg, 1개",
    "price": [
      "23% 60,000",
      "45,900원",
      "(100g당 844원)",
      "내일(토) 7/3 도착 보장",
      "내일(토) 새벽 도착 보장"
    ],
    "id": 140
  },
  {
    "link": "https://www.coupang.com/vp/products/1874551?itemId=8284108&vendorItemId=3011490601&sourceType=CAMPAIGN&campaignId=82&categoryId=445759",
    "image": "https://thumbnail8.coupangcdn.com/thumbnails/remote/230x230ex/image/retail/images/427632270855848-085a818a-4b4f-431e-b531-3f35c634c47e.jpg",
    "name": "컴페니언펫츠클래식 고양이 사료 키튼밀크, 1.5kg, 1개",
    "price": [
      "38% 12,000",
      "7,440원",
      "(100g당 496원)",
      "내일(토) 7/3 도착 보장",
      "내일(토) 새벽 도착 보장"
    ],
    "id": 141
  },
  {
    "link": "https://www.coupang.com/vp/products/188196534?itemId=537444770&vendorItemId=4403439325&sourceType=CAMPAIGN&campaignId=82&categoryId=445759",
    "image": "https://thumbnail8.coupangcdn.com/thumbnails/remote/230x230ex/image/retail/images/92343965270562-ac469a3d-4e4b-4372-8f68-954ad63ecadd.jpg",
    "name": "쉬바 고양이 주식 파우치 참치와 게살, 70g, 24팩",
    "price": [
      "21% 31,200",
      "24,530원",
      "(100g당 1,460원)",
      "내일(토) 7/3 도착 보장",
      "내일(토) 새벽 도착 보장"
    ],
    "id": 142
  },
  {
    "link": "https://www.coupang.com/vp/products/274723589?itemId=867796935&vendorItemId=5196276134&sourceType=CAMPAIGN&campaignId=82&categoryId=445759",
    "image": "https://thumbnail6.coupangcdn.com/thumbnails/remote/230x230ex/image/retail/images/2019/08/06/9/9/7e271763-c3ee-469b-aecc-285c46860a69.jpg",
    "name": "카루 클래식 치킨&크랩 스튜 멀티팩 고양이 습식사료, 170g, 4개",
    "price": [
      "12% 22,420",
      "19,560원",
      "(100g당 2,876원)",
      "내일(토) 7/3 도착 보장",
      "내일(토) 새벽 도착 보장"
    ],
    "id": 143
  },
  {
    "link": "https://www.coupang.com/vp/products/1349593951?itemId=2377637361&vendorItemId=70373190989&sourceType=CAMPAIGN&campaignId=82&categoryId=445759",
    "image": "https://thumbnail10.coupangcdn.com/thumbnails/remote/230x230ex/image/retail/images/2020/03/03/17/0/9f19c28b-f75b-4ccb-a14d-942fdafeaa05.jpg",
    "name": "밥이보약 1세 이하 고양이 건식사료, 닭, 3.4kg",
    "price": [
      "1% 36,200",
      "35,480원",
      "(100g당 1,044원)",
      "내일(토) 7/3 도착 보장",
      "내일(토) 새벽 도착 보장",
      "새 상품, 박스 훼손 (4) 최저 34,410원"
    ],
    "id": 144
  },
  {
    "link": "https://www.coupang.com/vp/products/4400180475?itemId=5225660613&vendorItemId=72534746554&sourceType=CAMPAIGN&campaignId=82&categoryId=445759",
    "image": "https://thumbnail7.coupangcdn.com/thumbnails/remote/230x230ex/image/retail/images/2020/11/26/12/2/6bdcb2ac-5a65-4598-a65c-d2104d0bc372.jpg",
    "name": "로우즈 슈레디드 치킨가슴살&코코넛오일 고양이 주식파우치 8p, 닭, 69g",
    "price": [
      "3% 25,520",
      "24,640원",
      "내일(토) 7/3 도착 보장",
      "내일(토) 새벽 도착 보장"
    ],
    "id": 145
  },
  {
    "link": "https://www.coupang.com/vp/products/46680908?itemId=165520094&vendorItemId=3391492380&sourceType=CAMPAIGN&campaignId=82&categoryId=445759",
    "image": "https://thumbnail9.coupangcdn.com/thumbnails/remote/230x230ex/image/retail/images/2017/11/08/11/0/89cc1ca7-3b20-4716-8839-070b6916b16a.jpg",
    "name": "웰츠 캣 오리 신선한 생오리와 슈퍼푸드 고양이 사료, 300g, 20개입",
    "price": [
      "와우할인가 | 36% 74,000",
      "47,160원",
      "(100g당 786원)",
      "내일(토) 7/3 도착 보장"
    ],
    "id": 146
  },
  {
    "link": "https://www.coupang.com/vp/products/188196545?itemId=537444802&vendorItemId=4403439419&sourceType=CAMPAIGN&campaignId=82&categoryId=445759",
    "image": "https://thumbnail7.coupangcdn.com/thumbnails/remote/230x230ex/image/retail/images/92411930092394-fb81f990-6efb-4f63-9ff6-2e26903463da.jpg",
    "name": "쉬바 고양이 주식 파우치 참치와 닭고기, 70g, 24팩",
    "price": [
      "22% 31,200",
      "24,230원",
      "(100g당 1,442원)",
      "내일(토) 7/3 도착 보장",
      "내일(토) 새벽 도착 보장"
    ],
    "id": 147
  },
  {
    "link": "https://www.coupang.com/vp/products/1254873837?itemId=2255057991&vendorItemId=70252396558&sourceType=CAMPAIGN&campaignId=82&categoryId=445759",
    "image": "https://thumbnail6.coupangcdn.com/thumbnails/remote/230x230ex/image/retail/images/2020/02/12/11/3/558de410-1fa4-480b-80a8-16cd74386fd4.jpg",
    "name": "치킨수프 전연령용 그레인프리 고양이 건식 사료, 연어 + 콩, 1.81kg",
    "price": [
      "35% 39,000",
      "25,080원",
      "(100g당 1,386원)",
      "내일(토) 7/3 도착 보장",
      "새 상품, 박스 훼손 (2) 최저 24,320원"
    ],
    "id": 148
  },
  {
    "link": "https://www.coupang.com/vp/products/2329366886?itemId=4028479558&vendorItemId=3000344286&sourceType=CAMPAIGN&campaignId=82&categoryId=445759",
    "image": "https://thumbnail7.coupangcdn.com/thumbnails/remote/230x230ex/image/product/image/vendoritem/2019/03/06/3000344286/8f650111-7009-4efc-a6d8-9c7174fc260c.jpg",
    "name": "뉴트로 어덜트 연어와 현미 고양이 건식사료, 생선",
    "price": [
      "43% 64,000",
      "36,170원",
      "내일(토) 7/3 도착 보장"
    ],
    "id": 149
  },
  {
    "link": "https://www.coupang.com/vp/products/343851561?itemId=1092434502&vendorItemId=5608059909&sourceType=CAMPAIGN&campaignId=82&categoryId=445759",
    "image": "https://thumbnail7.coupangcdn.com/thumbnails/remote/230x230ex/image/retail/images/2019/11/26/10/2/74e52d81-a9fb-4cdd-9663-0a57618e08dc.jpg",
    "name": "퓨리나 캣 키튼 고양이사료, 1.5kg, 1개",
    "price": [
      "4% 15,110",
      "14,450원",
      "(100g당 963원)",
      "내일(토) 7/3 도착 보장"
    ],
    "id": 150
  },
  {
    "link": "https://www.coupang.com/vp/products/214099419?itemId=651354648&vendorItemId=4691247817&sourceType=CAMPAIGN&campaignId=82&categoryId=445759",
    "image": "https://thumbnail10.coupangcdn.com/thumbnails/remote/230x230ex/image/retail/images/2019/04/25/22/9/5bc6105c-b9ee-42ef-a5a9-9fac293208aa.jpg",
    "name": "에센셜 더 재규어 포 캣 고양이 건식사료, 3kg",
    "price": [
      "와우할인가 | 37% 52,000",
      "32,550원",
      "(100g당 1,085원)",
      "내일(토) 7/3 도착 보장",
      "내일(토) 새벽 도착 보장"
    ],
    "id": 151
  },
  {
    "link": "https://www.coupang.com/vp/products/5625189141?itemId=39400556&vendorItemId=3059221265&sourceType=CAMPAIGN&campaignId=82&categoryId=445759",
    "image": "https://thumbnail7.coupangcdn.com/thumbnails/remote/230x230ex/image/retail/images/3276043812864-7911190e-b589-47da-80b8-388005b2fddc.jpg",
    "name": "네츄럴코어 베네 M47 반려묘 건식사료, 양, 6.4kg",
    "price": [
      "47,700원",
      "(100g당 745원)",
      "내일(토) 7/3 도착 보장",
      "내일(토) 새벽 도착 보장"
    ],
    "id": 152
  },
  {
    "link": "https://www.coupang.com/vp/products/343851546?itemId=1092434475&vendorItemId=5608059802&sourceType=CAMPAIGN&campaignId=82&categoryId=445759",
    "image": "https://thumbnail6.coupangcdn.com/thumbnails/remote/230x230ex/image/retail/images/2019/11/26/10/7/7075870f-38fc-433f-a114-bf9d7db017f1.jpg",
    "name": "퓨리나 캣 성묘용 체중관리 고양이사료, 1.5kg, 1개",
    "price": [
      "21% 16,900",
      "13,340원",
      "(100g당 889원)",
      "내일(토) 7/3 도착 보장"
    ],
    "id": 153
  },
  {
    "link": "https://www.coupang.com/vp/products/5242701771?itemId=7411124502&vendorItemId=74702128943&sourceType=CAMPAIGN&campaignId=82&categoryId=445759",
    "image": "https://thumbnail6.coupangcdn.com/thumbnails/remote/230x230ex/image/rs_quotation_api/hbpvo7wu/91766ececa9f4b96bd06c0e30caf7702.jpg",
    "name": "ANF 캣 그레인프리 칠면조 & 치킨 건식사료, 6.8kg",
    "price": [
      "7% 58,240",
      "53,600원",
      "내일(토) 7/3 도착 보장"
    ],
    "id": 154
  },
  {
    "link": "https://www.coupang.com/vp/products/7820473?itemId=34232644&vendorItemId=3050679926&sourceType=CAMPAIGN&campaignId=82&categoryId=445759",
    "image": "https://thumbnail9.coupangcdn.com/thumbnails/remote/230x230ex/image/product/image/vendoritem/2019/03/13/3050679926/a38ad65a-d865-486e-8f82-af6a009ad7eb.jpg",
    "name": "웰츠 키튼 캣 6kg, 1개",
    "price": [
      "와우할인가 | 23% 67,000",
      "51,010원",
      "(100g당 850원)",
      "내일(토) 7/3 도착 보장",
      "내일(토) 새벽 도착 보장"
    ],
    "id": 155
  },
  {
    "link": "https://www.coupang.com/vp/products/1118896589?itemId=2084280088&vendorItemId=70083305209&sourceType=CAMPAIGN&campaignId=82&categoryId=445759",
    "image": "https://thumbnail6.coupangcdn.com/thumbnails/remote/230x230ex/image/retail/images/2019/12/24/16/2/25c34b2a-dba2-4efe-a386-ee21dbb00bc0.jpg",
    "name": "내추럴발란스 오리지날 울트라 포뮬라 캣 푸드 캔 6p, 닭고기&연어&오리, 85g",
    "price": [
      "4% 13,500",
      "12,840원",
      "(100g당 2,518원)",
      "내일(토) 7/3 도착 보장",
      "내일(토) 새벽 도착 보장"
    ],
    "id": 156
  },
  {
    "link": "https://www.coupang.com/vp/products/5059103906?itemId=6828156116&vendorItemId=3362244943&sourceType=CAMPAIGN&campaignId=82&categoryId=445759",
    "image": "https://thumbnail6.coupangcdn.com/thumbnails/remote/230x230ex/image/product/image/vendoritem/2019/03/21/3362244943/18c2592a-24e0-4bf2-89ea-5afbdbc2af84.jpg",
    "name": "네이처스버라이어티 생식본능 오리지날 오리캣 고양이 사료",
    "price": [
      "와우할인가 | 28% 96,000",
      "69,050원",
      "내일(토) 7/3 도착 보장",
      "내일(토) 새벽 도착 보장"
    ],
    "id": 157
  },
  {
    "link": "https://www.coupang.com/vp/products/1182663251?itemId=2162959899&vendorItemId=70161156222&sourceType=CAMPAIGN&campaignId=82&categoryId=445759",
    "image": "https://thumbnail7.coupangcdn.com/thumbnails/remote/230x230ex/image/retail/images/594939984013-2a903420-271e-4b5b-8ced-6254953f7d16.jpg",
    "name": "인네이처 그린 전연령용 고양이 건식사료, 치킨 + 에그, 5kg",
    "price": [
      "12,000원",
      "(100g당 240원)",
      "내일(토) 7/3 도착 보장",
      "내일(토) 새벽 도착 보장"
    ],
    "id": 158
  },
  {
    "link": "https://www.coupang.com/vp/products/1376877162?itemId=2410386134&vendorItemId=70404902697&sourceType=CAMPAIGN&campaignId=82&categoryId=445759",
    "image": "https://thumbnail9.coupangcdn.com/thumbnails/remote/230x230ex/image/retail/images/2020/03/09/18/1/e0a08b1c-54d0-47f3-a27b-de6c487c2991.jpg",
    "name": "웰니스 성묘용 헬시 인덜전스 머셀 습식사료 12p, 연어와참치, 85g",
    "price": [
      "5% 20,330",
      "19,130원",
      "(100g당 1,875원)",
      "내일(토) 7/3 도착 보장",
      "내일(토) 새벽 도착 보장"
    ],
    "id": 159
  },
  {
    "link": "https://www.coupang.com/vp/products/116862065?itemId=349859383&vendorItemId=3853257464&sourceType=CAMPAIGN&campaignId=82&categoryId=445759",
    "image": "https://thumbnail10.coupangcdn.com/thumbnails/remote/230x230ex/image/product/image/vendoritem/2019/07/02/3853257464/d4a36f80-5e68-4de5-8aa5-6081517c6681.jpg",
    "name": "웰츠 캣 인도어, 2.1kg, 1개",
    "price": [
      "와우할인가 | 27% 32,000",
      "23,220원",
      "(100g당 1,106원)",
      "내일(토) 7/3 도착 보장"
    ],
    "id": 160
  },
  {
    "link": "https://www.coupang.com/vp/products/5319922412?itemId=7734671175&vendorItemId=75024833031&sourceType=CAMPAIGN&campaignId=82&categoryId=445759",
    "image": "https://thumbnail8.coupangcdn.com/thumbnails/remote/230x230ex/image/rs_quotation_api/erw5c0lh/8c7bddef07ce4087952d8cb36b5fcc23.jpg",
    "name": "게더 성묘용 프리에이커 치킨 레시피 건식사료, 1kg, 닭",
    "price": [
      "1% 20,560",
      "20,320원",
      "내일(토) 7/3 도착 보장",
      "내일(토) 새벽 도착 보장"
    ],
    "id": 161
  },
  {
    "link": "https://www.coupang.com/vp/products/8993739?itemId=39400554&vendorItemId=3059221258&sourceType=CAMPAIGN&campaignId=82&categoryId=445759",
    "image": "https://thumbnail6.coupangcdn.com/thumbnails/remote/230x230ex/image/retail/images/12029380369578-d1798bb6-7987-492a-97fc-327da7b27805.jpg",
    "name": "네츄럴코어 유기농 슬림다운 고양이 노그레인 건식사료, 4.8kg, 1개",
    "price": [
      "60,000원",
      "(100g당 1,250원)",
      "내일(토) 7/3 도착 보장",
      "내일(토) 새벽 도착 보장",
      "새 상품, 박스 훼손 (3) 최저 58,200원"
    ],
    "id": 162
  },
  {
    "link": "https://www.coupang.com/vp/products/207931085?itemId=616265921&vendorItemId=4616779464&sourceType=CAMPAIGN&campaignId=82&categoryId=445759",
    "image": "https://thumbnail8.coupangcdn.com/thumbnails/remote/230x230ex/image/retail/images/2019/04/04/16/1/40546ab6-273f-4a3a-a648-13365b90874a.jpg",
    "name": "서울사료 테비랑 플러스 고양이 사료 연어, 5kg, 1개",
    "price": [
      "와우할인가 | 2% 11,800",
      "11,560원",
      "(100g당 231원)",
      "내일(토) 7/3 도착 보장",
      "내일(토) 새벽 도착 보장"
    ],
    "id": 163
  },
  {
    "link": "https://www.coupang.com/vp/products/2280811874?itemId=3917023468&vendorItemId=71901565672&sourceType=CAMPAIGN&campaignId=82&categoryId=445759",
    "image": "https://thumbnail9.coupangcdn.com/thumbnails/remote/230x230ex/image/retail/images/2020/10/19/21/9/dfe2d055-c954-4877-8fa8-a3df1307a50b.jpg",
    "name": "닥터링크 no.38 퓨어센서티브 그레인프리 닭고기와메추리 고양이 주식캔, 닭, 200g",
    "price": [
      "8,180원",
      "(100g당 4,090원)",
      "내일(토) 7/3 도착 보장",
      "내일(토) 새벽 도착 보장"
    ],
    "id": 164
  },
  {
    "link": "https://www.coupang.com/vp/products/274723583?itemId=867796859&vendorItemId=5196275961&sourceType=CAMPAIGN&campaignId=82&categoryId=445759",
    "image": "https://thumbnail8.coupangcdn.com/thumbnails/remote/230x230ex/image/retail/images/2019/08/06/9/2/facca2ff-721d-4426-ba99-18f9e74b90d0.jpg",
    "name": "카루 클래식 연어&칠면조 스튜 멀티팩 고양이 습식사료, 170g, 4개",
    "price": [
      "12% 22,420",
      "19,560원",
      "(100g당 2,876원)",
      "내일(토) 7/3 도착 보장",
      "내일(토) 새벽 도착 보장"
    ],
    "id": 165
  },
  {
    "link": "https://www.coupang.com/vp/products/307934254?itemId=970943977&vendorItemId=5380428798&sourceType=CAMPAIGN&campaignId=82&categoryId=445759",
    "image": "https://thumbnail6.coupangcdn.com/thumbnails/remote/230x230ex/image/retail/images/2019/09/19/19/9/c28d1334-36d5-46d1-b650-15a32f2394a1.jpg",
    "name": "사이언스다이어트 어덜트 스튜 퍼펙트 웨이트 치킨 & 베지터블 고양이 사료, 82g, 12개",
    "price": [
      "28,500원",
      "(100g당 2,896원)",
      "내일(토) 7/3 도착 보장",
      "내일(토) 새벽 도착 보장"
    ],
    "id": 166
  },
  {
    "link": "https://www.coupang.com/vp/products/9486978?itemId=41672703&vendorItemId=3063997318&sourceType=CAMPAIGN&campaignId=82&categoryId=445759",
    "image": "https://thumbnail9.coupangcdn.com/thumbnails/remote/230x230ex/image/product/image/vendoritem/2019/03/15/3000242024/1be15eb6-5c48-496a-9bc3-6a95d27a5d2f.jpg",
    "name": "뉴트리나 비스트로 참치와 멸치 고양이캔, 160g, 24개",
    "price": [
      "15% 24,000",
      "20,240원",
      "(100g당 527원)",
      "내일(토) 7/3 도착 보장",
      "내일(토) 새벽 도착 보장"
    ],
    "id": 167
  },
  {
    "link": "https://www.coupang.com/vp/products/310232190?itemId=978055792&vendorItemId=5393676245&sourceType=CAMPAIGN&campaignId=82&categoryId=445759",
    "image": "https://thumbnail9.coupangcdn.com/thumbnails/remote/230x230ex/image/retail/images/2019/09/27/11/0/731ce270-f6ca-43a5-9d39-f7a906c07df8.jpg",
    "name": "피니키 전연령용 캣 그레인 프리 건식사료, 닭, 7.5kg",
    "price": [
      "와우할인가 | 39% 90,000",
      "54,670원",
      "(100g당 729원)",
      "내일(토) 7/3 도착 보장"
    ],
    "id": 168
  },
  {
    "link": "https://www.coupang.com/vp/products/823030?itemId=3230647&vendorItemId=3000106143&sourceType=CAMPAIGN&campaignId=82&categoryId=445759",
    "image": "https://thumbnail10.coupangcdn.com/thumbnails/remote/230x230ex/image/product/image/vendoritem/2016/05/09/3000106143/c3fd487f-ec95-48aa-8b52-dc2eefa4463d.jpg",
    "name": "트로벳 비만 당뇨 WRD 처방사료, 1.8kg, 1개",
    "price": [
      "와우할인가 | 41% 40,000",
      "23,510원",
      "(100g당 1,306원)",
      "내일(토) 7/3 도착 보장",
      "내일(토) 새벽 도착 보장"
    ],
    "id": 169
  },
  {
    "link": "https://www.coupang.com/vp/products/150565986?itemId=434863987&vendorItemId=4074074324&sourceType=CAMPAIGN&campaignId=82&categoryId=445759",
    "image": "https://thumbnail7.coupangcdn.com/thumbnails/remote/230x230ex/image/product/image/vendoritem/2019/07/03/4074074324/b0d2f159-6336-40c2-8adc-9378df46ac42.jpg",
    "name": "그랜마메이스 그레인프리 치킨 고양이사료, 2.7kg, 1개",
    "price": [
      "33% 35,000",
      "23,250원",
      "(100g당 861원)",
      "내일(토) 7/3 도착 보장",
      "내일(토) 새벽 도착 보장"
    ],
    "id": 170
  },
  {
    "link": "https://www.coupang.com/vp/products/822722?itemId=3227980&vendorItemId=3000227778&sourceType=CAMPAIGN&campaignId=82&categoryId=445759",
    "image": "https://thumbnail7.coupangcdn.com/thumbnails/remote/230x230ex/image/product/image/vendoritem/2019/05/27/3000227778/6dfbafb7-1475-438f-bd5f-b5dcdd1a8577.jpg",
    "name": "웰니스 코어 그레인프리 오리지날 고양이 사료, 907g, 1개",
    "price": [
      "13,810원",
      "(100g당 1,523원)",
      "내일(토) 7/3 도착 보장",
      "내일(토) 새벽 도착 보장"
    ],
    "id": 171
  },
  {
    "link": "https://www.coupang.com/vp/products/2837260?itemId=13179367&vendorItemId=3000326846&sourceType=CAMPAIGN&campaignId=82&categoryId=445759",
    "image": "https://thumbnail10.coupangcdn.com/thumbnails/remote/230x230ex/image/product/image/vendoritem/2019/03/05/3000326846/0bfe6a6f-5fcc-4020-88e4-5ac93acf9378.jpg",
    "name": "뉴트리웰 캣 7.5kg 고양이 사료, 1개",
    "price": [
      "16,900원",
      "(100g당 225원)",
      "내일(토) 7/3 도착 보장",
      "내일(토) 새벽 도착 보장"
    ],
    "id": 172
  },
  {
    "link": "https://www.coupang.com/vp/products/1251783966?itemId=2251248887&vendorItemId=70248622922&sourceType=CAMPAIGN&campaignId=82&categoryId=445759",
    "image": "https://thumbnail6.coupangcdn.com/thumbnails/remote/230x230ex/image/retail/images/2020/02/06/11/2/f8598d35-05b4-4928-984a-fea86ae6b4c4.jpg",
    "name": "치킨수프 클래식 웨이트 머츄어케어 캣 닭고기와 현미 건식사료, 닭, 2.04kg",
    "price": [
      "와우할인가 | 46% 33,000",
      "17,710원",
      "(100g당 868원)",
      "내일(토) 7/3 도착 보장",
      "내일(토) 새벽 도착 보장"
    ],
    "id": 173
  },
  {
    "link": "https://www.coupang.com/vp/products/28850061?itemId=110607993&vendorItemId=3216400598&sourceType=CAMPAIGN&campaignId=82&categoryId=445759",
    "image": "https://thumbnail10.coupangcdn.com/thumbnails/remote/230x230ex/image/product/image/vendoritem/2019/03/15/3216400598/d08f4d0c-91f9-4979-ae4d-fbed4f9ba454.jpg",
    "name": "웰니스 코어 인도어 캣 고양이 사료, 2.27kg, 1개",
    "price": [
      "7% 31,300",
      "29,010원",
      "(100g당 1,278원)",
      "내일(토) 7/3 도착 보장",
      "내일(토) 새벽 도착 보장"
    ],
    "id": 174
  },
  {
    "link": "https://www.coupang.com/vp/products/113132189?itemId=339856202&vendorItemId=3834178805&sourceType=CAMPAIGN&campaignId=82&categoryId=445759",
    "image": "https://thumbnail6.coupangcdn.com/thumbnails/remote/230x230ex/image/retail/images/2018/07/25/17/4/5bf30187-6e12-478b-b090-192b27aaf0ab.jpg",
    "name": "캣츠파인푸드 고양이 파우치 넘버13 청어와 쉬림프 맛, 85g, 1개",
    "price": [
      "41% 6,000",
      "3,510원",
      "(100g당 4,129원)",
      "내일(토) 7/3 도착 보장",
      "내일(토) 새벽 도착 보장"
    ],
    "id": 175
  },
  {
    "link": "https://www.coupang.com/vp/products/1431701316?itemId=2472823137&vendorItemId=70466208593&sourceType=CAMPAIGN&campaignId=82&categoryId=445759",
    "image": "https://thumbnail10.coupangcdn.com/thumbnails/remote/230x230ex/image/retail/images/2020/03/25/12/8/55bbbf84-e5f6-4664-ac44-4938d8471660.jpg",
    "name": "웰니스 어덜트용 헬시 인덜전스 머셀 고양이 습식사료, 참치, 85g",
    "price": [
      "2% 21,650",
      "21,050원",
      "(100g당 2,064원)",
      "내일(토) 7/3 도착 보장",
      "내일(토) 새벽 도착 보장"
    ],
    "id": 176
  },
  {
    "link": "https://www.coupang.com/vp/products/35812605?itemId=132988706&vendorItemId=3279784798&sourceType=CAMPAIGN&campaignId=82&categoryId=445759",
    "image": "https://thumbnail6.coupangcdn.com/thumbnails/remote/230x230ex/image/product/image/vendoritem/2019/03/15/3279784798/5b33b023-c95a-4407-893c-49d75158f842.jpg",
    "name": "네츄럴코어 에코플러스C1 멀티프로테인 치킨&피쉬 고양이사료, 7kg",
    "price": [
      "44,700원",
      "(100g당 639원)",
      "내일(토) 7/3 도착 보장"
    ],
    "id": 177
  },
  {
    "link": "https://www.coupang.com/vp/products/21527492?itemId=84077542&vendorItemId=3143106127&sourceType=CAMPAIGN&campaignId=82&categoryId=445759",
    "image": "https://thumbnail9.coupangcdn.com/thumbnails/remote/230x230ex/image/product/image/vendoritem/2017/07/03/3143106127/fb0c210f-b028-416d-b9c6-ef34a7702b01.JPG",
    "name": "아보덤 치킨 어덜트 고양이 사료, 1kg, 1개",
    "price": [
      "12,510원",
      "(100g당 1,251원)",
      "내일(토) 7/3 도착 보장",
      "내일(토) 새벽 도착 보장"
    ],
    "id": 178
  },
  {
    "link": "https://www.coupang.com/vp/products/60845364?itemId=208655432&vendorItemId=3494546439&sourceType=CAMPAIGN&campaignId=82&categoryId=445759",
    "image": "https://thumbnail9.coupangcdn.com/thumbnails/remote/230x230ex/image/retail/images/2018/01/17/15/7/a84023d7-e107-4463-8bbe-996f36149121.jpg",
    "name": "카이세키 투디시 글로벌 마쿠라자키노 가쓰오80g 1팩 10개입(가다랑어포와 잔물고기5 + 가다랑어포와 게맛살5), 1세트",
    "price": [
      "39% 23,000",
      "13,810원",
      "내일(토) 7/3 도착 보장",
      "내일(토) 새벽 도착 보장"
    ],
    "id": 179
  },
  {
    "link": "https://www.coupang.com/vp/products/83837399?itemId=266122523&vendorItemId=3644842824&sourceType=CAMPAIGN&campaignId=82&categoryId=445759",
    "image": "https://thumbnail8.coupangcdn.com/thumbnails/remote/230x230ex/image/retail/images/2018/04/19/10/5/ce13224d-7cc1-442d-9f03-326de0cf6b4c.jpg",
    "name": "아미오 그레인프리 유리너리 고양이 사료, 5.4kg, 1개",
    "price": [
      "와우할인가 | 52% 69,000",
      "32,840원",
      "(100g당 608원)",
      "내일(토) 7/3 도착 보장",
      "내일(토) 새벽 도착 보장"
    ],
    "id": 180
  },
  {
    "link": "https://www.coupang.com/vp/products/4395771480?itemId=5214758568&vendorItemId=72523868612&sourceType=CAMPAIGN&campaignId=82&categoryId=445759",
    "image": "https://thumbnail7.coupangcdn.com/thumbnails/remote/230x230ex/image/retail/images/2020/11/25/18/5/9d4b7d04-27d2-434f-a765-b4ed7d7a7b10.jpg",
    "name": "오쥬바이로우즈 치킨가슴살 호박 고양이 주식파우치 8p, 닭, 69g",
    "price": [
      "3% 24,080",
      "23,280원",
      "내일(토) 7/3 도착 보장",
      "내일(토) 새벽 도착 보장"
    ],
    "id": 181
  },
  {
    "link": "https://www.coupang.com/vp/products/1608747008?itemId=2747575137&vendorItemId=70737549600&sourceType=CAMPAIGN&campaignId=82&categoryId=445759",
    "image": "https://thumbnail7.coupangcdn.com/thumbnails/remote/230x230ex/image/retail/images/2020/05/20/16/9/d5d113b4-8e28-48d2-a3e4-9809afb11253.jpg",
    "name": "아이디얼레시피 어덜트용 그레인프리 웨잇매니지 고양이 건식사료, 오리, 6kg",
    "price": [
      "와우할인가 | 20% 39,900",
      "31,920원",
      "(100g당 532원)",
      "내일(토) 7/3 도착 보장",
      "내일(토) 새벽 도착 보장"
    ],
    "id": 182
  },
  {
    "link": "https://www.coupang.com/vp/products/28850051?itemId=110607981&vendorItemId=3216400597&sourceType=CAMPAIGN&campaignId=82&categoryId=445759",
    "image": "https://thumbnail9.coupangcdn.com/thumbnails/remote/230x230ex/image/product/image/vendoritem/2019/03/21/3216400597/b687a57d-981a-403e-8119-74ed17ba69a4.jpg",
    "name": "웰니스 코어 오리지날 캣 고양이 사료, 2.27kg, 1개",
    "price": [
      "14% 35,800",
      "30,650원",
      "(100g당 1,350원)",
      "내일(토) 7/3 도착 보장",
      "내일(토) 새벽 도착 보장"
    ],
    "id": 183
  },
  {
    "link": "https://www.coupang.com/vp/products/5076910989?itemId=6881622391&vendorItemId=74174207203&sourceType=CAMPAIGN&campaignId=82&categoryId=445759",
    "image": "https://thumbnail6.coupangcdn.com/thumbnails/remote/230x230ex/image/retail/images/2021/02/26/9/6/225098fb-a849-420c-a4c5-96f7c10b7ee9.jpg",
    "name": "꼬뜨 전연령용 스탠다드 캣츠 건식 사료, 오리, 20kg",
    "price": [
      "39,900원",
      "내일(토) 7/3 도착 보장"
    ],
    "id": 184
  },
  {
    "link": "https://www.coupang.com/vp/products/1078042?itemId=3199062&vendorItemId=3003271226&sourceType=CAMPAIGN&campaignId=82&categoryId=445759",
    "image": "https://thumbnail10.coupangcdn.com/thumbnails/remote/230x230ex/image/product/image/vendoritem/2016/05/06/3003271226/f4d92851-1b10-4049-a745-370ff4409114.jpg",
    "name": "뉴웨이브 고양이 홀리스틱 연어 2.4kg/고양이사료, 2.4kg",
    "price": [
      "3% 17,740",
      "17,130원",
      "내일(토) 7/3 도착 보장",
      "내일(토) 새벽 도착 보장"
    ],
    "id": 185
  },
  {
    "link": "https://www.coupang.com/vp/products/5065652044?itemId=6846681394&vendorItemId=74139290482&sourceType=CAMPAIGN&campaignId=82&categoryId=445759",
    "image": "https://thumbnail6.coupangcdn.com/thumbnails/remote/230x230ex/image/retail/images/2021/02/24/17/3/1f6d4a62-b028-4c69-a579-b9eb4a9b5634.jpg",
    "name": "콩고 시니어 캣 살몬 앤 참치 연어 고양이 건식사료, 8kg, 생선",
    "price": [
      "36,250원",
      "내일(토) 7/3 도착 보장"
    ],
    "id": 186
  },
  {
    "link": "https://www.coupang.com/vp/products/122841051?itemId=364406983&vendorItemId=3885089931&sourceType=CAMPAIGN&campaignId=82&categoryId=445759",
    "image": "https://thumbnail6.coupangcdn.com/thumbnails/remote/230x230ex/image/retail/images/2018/08/16/13/1/e5e267a7-8232-418e-8902-8cdf532edff8.jpg",
    "name": "펫시아 캣 리치 고양이사료, 4.5kg, 1개",
    "price": [
      "58% 28,000",
      "11,490원",
      "(100g당 255원)",
      "내일(토) 7/3 도착 보장",
      "내일(토) 새벽 도착 보장"
    ],
    "id": 187
  },
  {
    "link": "https://www.coupang.com/vp/products/113132185?itemId=339856194&vendorItemId=3834178779&sourceType=CAMPAIGN&campaignId=82&categoryId=445759",
    "image": "https://thumbnail8.coupangcdn.com/thumbnails/remote/230x230ex/image/product/image/vendoritem/2019/02/18/3834178779/38ce3d5a-08f1-4729-9f84-60c7a5201bad.jpg",
    "name": "캣츠파인푸드 고양이 파우치 no.25 닭고기와 참치 맛, 85g, 1개",
    "price": [
      "29% 6,000",
      "4,260원",
      "(100g당 5,012원)",
      "내일(토) 7/3 도착 보장",
      "내일(토) 새벽 도착 보장"
    ],
    "id": 188
  },
  {
    "link": "https://www.coupang.com/vp/products/1894829263?itemId=3219108229&vendorItemId=71206389919&sourceType=CAMPAIGN&campaignId=82&categoryId=445759",
    "image": "https://thumbnail9.coupangcdn.com/thumbnails/remote/230x230ex/image/retail/images/2020/07/22/14/5/5c153be3-eb6f-415a-abd6-6b52e5ad45c9.jpg",
    "name": "퍼스트초이스 어덜트용 고양이 웨이트컨트롤 건식사료, 닭, 5.44kg",
    "price": [
      "2% 45,630",
      "44,460원",
      "(100g당 817원)",
      "내일(토) 7/3 도착 보장",
      "내일(토) 새벽 도착 보장"
    ],
    "id": 189
  },
  {
    "link": "https://www.coupang.com/vp/products/5064484935?itemId=6843626944&vendorItemId=74136345747&sourceType=CAMPAIGN&campaignId=82&categoryId=445759",
    "image": "https://thumbnail8.coupangcdn.com/thumbnails/remote/230x230ex/image/retail/images/2021/02/24/14/2/85fe3531-c749-4412-b836-4a00b46e2d1e.jpg",
    "name": "로우즈 전연령용 밀프리 드라이 푸드 캣 연어 디하이드레이티드 치킨 화이트피쉬 건식사료, 1.5kg, 생선",
    "price": [
      "2% 46,570",
      "45,540원",
      "내일(토) 7/3 도착 보장",
      "내일(토) 새벽 도착 보장"
    ],
    "id": 190
  },
  {
    "link": "https://www.coupang.com/vp/products/113132192?itemId=339856207&vendorItemId=3834178815&sourceType=CAMPAIGN&campaignId=82&categoryId=445759",
    "image": "https://thumbnail7.coupangcdn.com/thumbnails/remote/230x230ex/image/product/image/vendoritem/2019/02/15/3834178815/12b1ae87-b018-4b0e-9906-6169ebfd5acb.jpg",
    "name": "캣츠파인푸드 고양이 퓨레 파우치 넘버107 캥거루 맛, 85g, 1개",
    "price": [
      "35% 7,000",
      "4,520원",
      "(100g당 5,318원)",
      "내일(토) 7/3 도착 보장",
      "내일(토) 새벽 도착 보장"
    ],
    "id": 191
  },
  {
    "link": "https://www.coupang.com/vp/products/1924251905?itemId=3266963096&vendorItemId=71253997862&sourceType=CAMPAIGN&campaignId=82&categoryId=445759",
    "image": "https://thumbnail7.coupangcdn.com/thumbnails/remote/230x230ex/image/retail/images/2020/08/04/14/7/1270e98e-43bf-478e-bc0f-840e53ffa4f4.jpg",
    "name": "이볼브 고양이 사료 연어, 생선, 6.35kg",
    "price": [
      "와우할인가 | 6% 40,490",
      "38,040원",
      "(100g당 599원)",
      "내일(토) 7/3 도착 보장"
    ],
    "id": 192
  },
  {
    "link": "https://www.coupang.com/vp/products/60845365?itemId=208655436&vendorItemId=3494546438&sourceType=CAMPAIGN&campaignId=82&categoryId=445759",
    "image": "https://thumbnail6.coupangcdn.com/thumbnails/remote/230x230ex/image/retail/images/2018/01/17/15/0/82fa6ca2-55e0-41ed-9021-503d213755b6.jpg",
    "name": "카이세키 투디시 글로벌 야이즈노 마구로 80g 1팩 10개입(참치와김5 +참치와 게맛살5), 1세트",
    "price": [
      "39% 23,000",
      "13,810원",
      "내일(토) 7/3 도착 보장",
      "내일(토) 새벽 도착 보장"
    ],
    "id": 193
  },
  {
    "link": "https://www.coupang.com/vp/products/5150126448?itemId=7075951771&vendorItemId=74367971728&sourceType=CAMPAIGN&campaignId=82&categoryId=445759",
    "image": "https://thumbnail10.coupangcdn.com/thumbnails/remote/230x230ex/image/vendor_inventory/03d5/24ab2d22a5b543c9634ff11e3536ad3f7411e4aff7de1335656406f978d0.jpg",
    "name": "팜스코 캣츠비 고양이 사료, 2kg",
    "price": [
      "2% 15,450",
      "15,050원",
      "내일(토) 7/3 도착 보장"
    ],
    "id": 194
  },
  {
    "link": "https://www.coupang.com/vp/products/1634240202?itemId=2787411664&vendorItemId=70777140685&sourceType=CAMPAIGN&campaignId=82&categoryId=445759",
    "image": "https://thumbnail8.coupangcdn.com/thumbnails/remote/230x230ex/image/retail/images/2020/05/24/23/9/325f9da3-e9f1-456c-bf71-ec4c2b3e7e9d.jpg",
    "name": "캐비 어덜트용 밸런스 고양이 사료, 닭, 15kg",
    "price": [
      "와우할인가 | 47% 45,000",
      "23,650원",
      "(100g당 158원)",
      "내일(토) 7/3 도착 보장"
    ],
    "id": 195
  },
  {
    "link": "https://www.coupang.com/vp/products/109203332?itemId=330421229&vendorItemId=3810621719&sourceType=CAMPAIGN&campaignId=82&categoryId=445759",
    "image": "https://thumbnail8.coupangcdn.com/thumbnails/remote/230x230ex/image/product/image/vendoritem/2019/03/04/3810621719/5e997a5a-dbf7-486b-9553-04efb9731186.jpg",
    "name": "캣츠파인푸드 고양이용 필렛 넘버405 칠면조 닭고기와 연어, 85g, 1개",
    "price": [
      "18% 6,000",
      "4,880원",
      "(100g당 5,741원)",
      "내일(토) 7/3 도착 보장",
      "내일(토) 새벽 도착 보장"
    ],
    "id": 196
  },
  {
    "link": "https://www.coupang.com/vp/products/2228614428?itemId=3802002465&vendorItemId=71786972295&sourceType=CAMPAIGN&campaignId=82&categoryId=445759",
    "image": "https://thumbnail9.coupangcdn.com/thumbnails/remote/230x230ex/image/retail/images/2020/10/12/18/9/39f07b12-bf60-4baa-9d82-02a559c75268.jpg",
    "name": "네이처스버라이어티 전연령용 생식본능 BE 네추럴 고양이 건식 사료, 닭, 1kg",
    "price": [
      "와우할인가 | 2% 15,050",
      "14,740원",
      "(100g당 1,474원)",
      "내일(토) 7/3 도착 보장",
      "내일(토) 새벽 도착 보장",
      "새 상품, 박스 훼손 (2) 최저 14,590원"
    ],
    "id": 197
  },
  {
    "link": "https://www.coupang.com/vp/products/3230208?itemId=8284114&vendorItemId=3011490004&sourceType=CAMPAIGN&campaignId=82&categoryId=445759",
    "image": "https://thumbnail7.coupangcdn.com/thumbnails/remote/230x230ex/image/retail/images/44304537460721-a0e64c1a-aeb7-4aad-9848-e8a5632338d7.jpg",
    "name": "컴페니언펫츠클래식 고양이 사료 참치맛, 7kg, 1개",
    "price": [
      "27% 28,000",
      "20,250원",
      "(100g당 289원)",
      "내일(토) 7/3 도착 보장",
      "내일(토) 새벽 도착 보장"
    ],
    "id": 198
  },
  {
    "link": "https://www.coupang.com/vp/products/1431701275?itemId=2472823097&vendorItemId=70466208524&sourceType=CAMPAIGN&campaignId=82&categoryId=445759",
    "image": "https://thumbnail9.coupangcdn.com/thumbnails/remote/230x230ex/image/retail/images/2020/03/25/12/3/ee073a0e-ea1f-409e-b617-b9150eeb7a92.jpg",
    "name": "웰니스 어덜트용 컴플리트 헬스 그레인프리 살몬캣 고양이 사료, 생선, 2.5kg",
    "price": [
      "2% 31,380",
      "30,750원",
      "(100g당 1,230원)",
      "내일(토) 7/3 도착 보장",
      "내일(토) 새벽 도착 보장"
    ],
    "id": 199
  },
  {
    "link": "https://www.coupang.com/vp/products/274723595?itemId=867796967&vendorItemId=5196276206&sourceType=CAMPAIGN&campaignId=82&categoryId=445759",
    "image": "https://thumbnail6.coupangcdn.com/thumbnails/remote/230x230ex/image/retail/images/159381460406597-a1f16887-20a2-4209-8c85-f9609c6b4629.jpg",
    "name": "카루 클래식 칠면조 스튜 멀티팩 고양이 습식사료, 170g, 4개",
    "price": [
      "12% 22,420",
      "19,560원",
      "(100g당 2,876원)",
      "내일(토) 7/3 도착 보장",
      "내일(토) 새벽 도착 보장"
    ],
    "id": 200
  },
  {
    "link": "https://www.coupang.com/vp/products/9309?itemId=547470409&vendorItemId=4436369444&sourceType=CAMPAIGN&campaignId=82&categoryId=445759",
    "image": "https://thumbnail10.coupangcdn.com/thumbnails/remote/230x230ex/image/retail/images/2019/02/27/10/2/e1e69b16-67da-4ec9-8385-a7975fb1f36c.jpg",
    "name": "팜스코 캣츠에비뉴 고양이 사료, 2kg, 2개입",
    "price": [
      "49% 25,000",
      "12,600원",
      "(100g당 315원)",
      "내일(토) 7/3 도착 보장",
      "내일(토) 새벽 도착 보장"
    ],
    "id": 201
  },
  {
    "link": "https://www.coupang.com/vp/products/4963646023?itemId=6578078916&vendorItemId=73872090105&sourceType=CAMPAIGN&campaignId=82&categoryId=445759",
    "image": "https://thumbnail9.coupangcdn.com/thumbnails/remote/230x230ex/image/rs_quotation_api/o6ctcssy/18b1fd33c1474211a7a67b7577b2d8fd.jpg",
    "name": "뉴트리언스 고양이 전연령용 서브제로 프레이져 밸리 건식사료, 닭, 2.27kg",
    "price": [
      "35,790원",
      "내일(토) 7/3 도착 보장",
      "내일(토) 새벽 도착 보장"
    ],
    "id": 202
  },
  {
    "link": "https://www.coupang.com/vp/products/226711497?itemId=718520071&vendorItemId=4817979619&sourceType=CAMPAIGN&campaignId=82&categoryId=445759",
    "image": "https://thumbnail6.coupangcdn.com/thumbnails/remote/230x230ex/image/retail/images/14457904663949-485d9f3c-7017-4c68-ac75-2e8f1fd15abc.jpg",
    "name": "원더캣츠 골드 건식사료, 5.6kg, 1개",
    "price": [
      "1% 12,820",
      "12,580원",
      "(100g당 225원)",
      "내일(토) 7/3 도착 보장",
      "내일(토) 새벽 도착 보장"
    ],
    "id": 203
  },
  {
    "link": "https://www.coupang.com/vp/products/8679?itemId=18864&vendorItemId=3000327481&sourceType=CAMPAIGN&campaignId=82&categoryId=445759",
    "image": "https://thumbnail7.coupangcdn.com/thumbnails/remote/230x230ex/image/product/image/vendoritem/2019/03/18/3000327481/cbe356bd-16cf-4395-ba15-adc0e478dda0.jpg",
    "name": "슈슈 프리미엄 어덜트 고양이 사료, 7.5kg, 1개",
    "price": [
      "20,270원",
      "(100g당 270원)",
      "내일(토) 7/3 도착 보장"
    ],
    "id": 204
  },
  {
    "link": "https://www.coupang.com/vp/products/5065705103?itemId=6846763110&vendorItemId=74139372178&sourceType=CAMPAIGN&campaignId=82&categoryId=445759",
    "image": "https://thumbnail6.coupangcdn.com/thumbnails/remote/230x230ex/image/rs_quotation_api/ef7jakul/d0c077da199b4208b55e3eb453920750.jpg",
    "name": "뉴트리웰 전연령 그레인프리 오이스터 고양이 건식사료, 7kg, 닭",
    "price": [
      "7% 52,250",
      "48,400원",
      "내일(토) 7/3 도착 보장",
      "내일(토) 새벽 도착 보장"
    ],
    "id": 205
  },
  {
    "link": "https://www.coupang.com/vp/products/5493309037?itemId=8512425154&vendorItemId=75799887745&sourceType=CAMPAIGN&campaignId=82&categoryId=445759",
    "image": "https://thumbnail7.coupangcdn.com/thumbnails/remote/230x230ex/image/rs_quotation_api/ia3vumfl/4db32d2cb65d443fb396f49ba11a2ad6.jpg",
    "name": "뉴로 고양이 전연령 프리스타일 그레인프리 건식 사료 닭고기 앤 대구 2p, 5.44kg, 닭",
    "price": [
      "110,000원",
      "내일(토) 7/3 도착 보장",
      "내일(토) 새벽 도착 보장"
    ],
    "id": 206
  },
  {
    "link": "https://www.coupang.com/vp/products/2299803857?itemId=3961828405&vendorItemId=74603663597&sourceType=CAMPAIGN&campaignId=82&categoryId=445759",
    "image": "https://thumbnail10.coupangcdn.com/thumbnails/remote/230x230ex/image/product/image/vendoritem/2016/11/11/42087578/99688663-5c00-48c2-be5f-a5e0c3b54442.jpg",
    "name": "이즈칸캣 시니어 그레인프리 고양이 사료, 6.5kg, 1개",
    "price": [
      "박스 훼손 (1) 최저 27,600원"
    ],
    "id": 207
  },
  {
    "link": "https://www.coupang.com/vp/products/1703941568?itemId=2899695014&vendorItemId=70888662678&sourceType=CAMPAIGN&campaignId=82&categoryId=445759",
    "image": "https://thumbnail6.coupangcdn.com/thumbnails/remote/230x230ex/image/retail/images/2020/06/08/18/8/8c47ac94-88e1-4877-8011-9221ec0b009b.jpg",
    "name": "캣츠파인푸드 전연령용 NO.03 가금류 고양이 주식캔 4p, 가금류5종, 200g",
    "price": [
      "18,000원",
      "(100g당 2,250원)",
      "내일(토) 7/3 도착 보장",
      "내일(토) 새벽 도착 보장",
      "새 상품, 중고 (2) 최저 16,020원"
    ],
    "id": 208
  },
  {
    "link": "https://www.coupang.com/vp/products/29852034?itemId=114107388&vendorItemId=3226265027&sourceType=CAMPAIGN&campaignId=82&categoryId=445759",
    "image": "https://thumbnail7.coupangcdn.com/thumbnails/remote/230x230ex/image/product/image/vendoritem/2019/03/12/3226265027/b700bfba-b1a0-41c9-a0b5-b52382aa0eaa.jpg",
    "name": "웰니스 코어 인도어 고양이 사료, 닭, 4.9kg",
    "price": [
      "11% 50,150",
      "44,620원",
      "(100g당 911원)",
      "내일(토) 7/3 도착 보장",
      "내일(토) 새벽 도착 보장"
    ],
    "id": 209
  },
  {
    "link": "https://www.coupang.com/vp/products/1739025777?itemId=2960751484&vendorItemId=70949227838&sourceType=CAMPAIGN&campaignId=82&categoryId=445759",
    "image": "https://thumbnail7.coupangcdn.com/thumbnails/remote/230x230ex/image/retail/images/2020/06/18/11/6/e120b3c3-9227-4cad-ad44-2428168b3755.jpg",
    "name": "퍼시캣 3개월이상 프리미엄 고양이 주식캔 24p, 참치 앤 치킨 포뮬라, 80g",
    "price": [
      "60,000원",
      "(100g당 3,125원)",
      "내일(토) 7/3 도착 보장",
      "내일(토) 새벽 도착 보장"
    ],
    "id": 210
  },
  {
    "link": "https://www.coupang.com/vp/products/26007376?itemId=101143691&vendorItemId=3187225388&sourceType=CAMPAIGN&campaignId=82&categoryId=445759",
    "image": "https://thumbnail8.coupangcdn.com/thumbnails/remote/230x230ex/image/product/image/vendoritem/2019/03/26/3187225388/32fde046-de3d-4490-bae2-3bfb71ae78b5.jpg",
    "name": "프로바이트캣 고양이사료 전연령용 헤어볼 컨트롤, 15kg, 1개",
    "price": [
      "32% 44,000",
      "29,870원",
      "(100g당 199원)",
      "내일(토) 7/3 도착 보장",
      "내일(토) 새벽 도착 보장"
    ],
    "id": 211
  },
  {
    "link": "https://www.coupang.com/vp/products/1871495?itemId=8266252&vendorItemId=3011468433&sourceType=CAMPAIGN&campaignId=82&categoryId=445759",
    "image": "https://thumbnail6.coupangcdn.com/thumbnails/remote/230x230ex/image/product/image/vendoritem/2019/02/19/3011468433/dde9a531-545f-4718-8f27-04ce4ed78f56.jpg",
    "name": "뉴-MeO 참치 고양이 건식사료, 7kg, 1개",
    "price": [
      "와우할인가 | 45% 52,000",
      "28,250원",
      "(100g당 404원)",
      "내일(토) 7/3 도착 보장",
      "내일(토) 새벽 도착 보장"
    ],
    "id": 212
  },
  {
    "link": "https://www.coupang.com/vp/products/1251783979?itemId=2251248895&vendorItemId=70248622942&sourceType=CAMPAIGN&campaignId=82&categoryId=445759",
    "image": "https://thumbnail8.coupangcdn.com/thumbnails/remote/230x230ex/image/retail/images/2020/02/06/11/1/d41dafed-1af1-4bc2-a37a-e7bef3351957.jpg",
    "name": "치킨수프 클래식 인도어 캣 닭고기와 현미 건식사료, 닭, 6.12kg",
    "price": [
      "와우할인가 | 50% 79,000",
      "39,240원",
      "(100g당 641원)",
      "내일(토) 7/3 도착 보장",
      "내일(토) 새벽 도착 보장"
    ],
    "id": 213
  },
  {
    "link": "https://www.coupang.com/vp/products/154868671?itemId=446461840&vendorItemId=3000452569&sourceType=CAMPAIGN&campaignId=82&categoryId=445759",
    "image": "https://thumbnail9.coupangcdn.com/thumbnails/remote/230x230ex/image/product/image/vendoritem/2019/03/14/3000452569/574ba3f4-34aa-4f3e-ad43-b34ed566119b.jpg",
    "name": "캐비 다이어트 고양이 사료, 3kg",
    "price": [
      "37% 19,000",
      "11,960원",
      "내일(토) 7/3 도착 보장",
      "내일(토) 새벽 도착 보장"
    ],
    "id": 214
  },
  {
    "link": "https://www.coupang.com/vp/products/821147?itemId=3230946&vendorItemId=3000106210&sourceType=CAMPAIGN&campaignId=82&categoryId=445759",
    "image": "https://thumbnail10.coupangcdn.com/thumbnails/remote/230x230ex/image/product/image/vendoritem/2016/05/10/3000106210/4b65425e-330b-40e7-9c4d-d92a26b522a7.jpg",
    "name": "트로벳 간 장기능개선 HLD 고양이 처방식사료, 1개, 1.8kg",
    "price": [
      "와우할인가 | 39% 38,000",
      "22,810원",
      "(100g당 1,267원)",
      "내일(토) 7/3 도착 보장",
      "내일(토) 새벽 도착 보장"
    ],
    "id": 215
  },
  {
    "link": "https://www.coupang.com/vp/products/4395771473?itemId=5214758546&vendorItemId=72523868597&sourceType=CAMPAIGN&campaignId=82&categoryId=445759",
    "image": "https://thumbnail9.coupangcdn.com/thumbnails/remote/230x230ex/image/retail/images/2020/11/25/18/6/4e340fb1-dd4e-4674-89e8-f21d0a0ec12d.jpg",
    "name": "로우즈 사시 참치 도미 고양이 주식파우치 8p, 생선, 50g",
    "price": [
      "19,440원",
      "내일(토) 7/3 도착 보장",
      "내일(토) 새벽 도착 보장"
    ],
    "id": 216
  },
  {
    "link": "https://www.coupang.com/vp/products/95387?itemId=186737&vendorItemId=3000105643&sourceType=CAMPAIGN&campaignId=82&categoryId=445759",
    "image": "https://thumbnail9.coupangcdn.com/thumbnails/remote/230x230ex/image/product/image/vendoritem/2019/04/04/3000105643/4a66eea8-51f2-47aa-a5bc-061e3522e4de.jpg",
    "name": "트로벳 Hepatic(간/장기능개선) 고양이 사료 5.21kg, 1개",
    "price": [
      "와우할인가 | 32% 85,000",
      "57,100원",
      "(100g당 1,096원)",
      "내일(토) 7/3 도착 보장",
      "내일(토) 새벽 도착 보장"
    ],
    "id": 217
  },
  {
    "link": "https://www.coupang.com/vp/products/822887?itemId=3229525&vendorItemId=3000106292&sourceType=CAMPAIGN&campaignId=82&categoryId=445759",
    "image": "https://thumbnail7.coupangcdn.com/thumbnails/remote/230x230ex/image/product/image/vendoritem/2015/05/13/3000106292/911bc832-4f62-4ec9-9172-dc513209aee6.jpg",
    "name": "트로벳 피부질환개선 RRD애묘용 처방식사료, 3kg, 1개",
    "price": [
      "와우할인가 | 45% 60,000",
      "32,590원",
      "(100g당 1,086원)",
      "내일(토) 7/3 도착 보장",
      "내일(토) 새벽 도착 보장"
    ],
    "id": 218
  },
  {
    "link": "https://www.coupang.com/vp/products/111554538?itemId=335955480&vendorItemId=3824248867&sourceType=CAMPAIGN&campaignId=82&categoryId=445759",
    "image": "https://thumbnail10.coupangcdn.com/thumbnails/remote/230x230ex/image/retail/images/2018/07/06/19/7/cf4dad8a-ee57-4148-8690-5051b64deb80.jpg",
    "name": "캣츠파인푸드 No 13 청어와 쉬림프 고양이 주식캔, 200g, 1개",
    "price": [
      "30% 7,000",
      "4,880원",
      "(100g당 2,440원)",
      "내일(토) 7/3 도착 보장",
      "내일(토) 새벽 도착 보장"
    ],
    "id": 219
  },
  {
    "link": "https://www.coupang.com/vp/products/1981173381?itemId=3370711197&vendorItemId=71357425903&sourceType=CAMPAIGN&campaignId=82&categoryId=445759",
    "image": "https://thumbnail10.coupangcdn.com/thumbnails/remote/230x230ex/image/retail/images/2020/08/20/12/4/eee6dc49-445a-4fc0-b0f7-350301a9c6e7.jpg",
    "name": "아딜론덱 전연령용 GF LID 고양이 사료 닭고기, 닭, 1.5kg",
    "price": [
      "40,500원",
      "(100g당 2,700원)",
      "내일(토) 7/3 도착 보장",
      "내일(토) 새벽 도착 보장"
    ],
    "id": 220
  },
  {
    "link": "https://www.coupang.com/vp/products/338651539?itemId=1079115235&vendorItemId=5578556817&sourceType=CAMPAIGN&campaignId=82&categoryId=445759",
    "image": "https://thumbnail6.coupangcdn.com/thumbnails/remote/230x230ex/image/retail/images/2019/11/15/15/0/09838d8a-de2b-49b1-93e1-f67e154cd36a.jpg",
    "name": "퍼시캣 프리미엄 고양이 사료캔 참치 + 조개 포뮬라, 80g, 8개",
    "price": [
      "10% 20,000",
      "18,000원",
      "(100g당 2,813원)",
      "내일(토) 7/3 도착 보장",
      "내일(토) 새벽 도착 보장"
    ],
    "id": 221
  },
  {
    "link": "https://www.coupang.com/vp/products/1786715810?itemId=3042080919&vendorItemId=71030133881&sourceType=CAMPAIGN&campaignId=82&categoryId=445759",
    "image": "https://thumbnail6.coupangcdn.com/thumbnails/remote/230x230ex/image/retail/images/2020/07/06/16/7/0580fca9-85c5-4809-9326-059223c75574.jpg",
    "name": "네이쳐스프로텍션 스텔러라이즈드 중성화한 고양이 사료, 닭, 2kg",
    "price": [
      "30,000원",
      "(100g당 1,500원)",
      "내일(토) 7/3 도착 보장",
      "내일(토) 새벽 도착 보장"
    ],
    "id": 222
  },
  {
    "link": "https://www.coupang.com/vp/products/3229226?itemId=11156689&vendorItemId=3016797561&sourceType=CAMPAIGN&campaignId=82&categoryId=445759",
    "image": "https://thumbnail6.coupangcdn.com/thumbnails/remote/230x230ex/image/product/image/vendoritem/2019/02/19/3016797561/99cd1026-d98c-4aab-bb0d-f33a22c0ee1b.jpg",
    "name": "올가밀 홀리스틱 캣 35 건식사료 오리 앤 감자, 1kg, 1개",
    "price": [
      "와우할인가 | 39% 14,500",
      "8,840원",
      "(100g당 884원)",
      "내일(토) 7/3 도착 보장",
      "내일(토) 새벽 도착 보장"
    ],
    "id": 223
  },
  {
    "link": "https://www.coupang.com/vp/products/4395771487?itemId=5214758590&vendorItemId=72523868626&sourceType=CAMPAIGN&campaignId=82&categoryId=445759",
    "image": "https://thumbnail9.coupangcdn.com/thumbnails/remote/230x230ex/image/retail/images/2020/11/25/18/7/61b0d37e-475a-4c3f-b87b-da90b5f0a5e6.jpg",
    "name": "오쥬바이로우즈 참치 연어 고양이 주식파우치 8p, 생선, 69g",
    "price": [
      "25,200원",
      "내일(토) 7/3 도착 보장"
    ],
    "id": 224
  },
  {
    "link": "https://www.coupang.com/vp/products/4327784735?itemId=5046588970&vendorItemId=72355961573&sourceType=CAMPAIGN&campaignId=82&categoryId=445759",
    "image": "https://thumbnail10.coupangcdn.com/thumbnails/remote/230x230ex/image/rs_quotation_api/0ec9/017f967f0c1cf5523ce9a9965797ff03cf729595c2e6fb1bd03c24957ba9.png",
    "name": "레오나르도 어덜트용 라이트 드라이 캣푸드 6p, 가금육, 400g",
    "price": [
      "와우할인가 | 20% 43,700",
      "34,960원",
      "내일(토) 7/3 도착 보장",
      "내일(토) 새벽 도착 보장"
    ],
    "id": 225
  },
  {
    "link": "https://www.coupang.com/vp/products/1703941589?itemId=2899695072&vendorItemId=70888662703&sourceType=CAMPAIGN&campaignId=82&categoryId=445759",
    "image": "https://thumbnail6.coupangcdn.com/thumbnails/remote/230x230ex/image/retail/images/2020/06/08/18/2/b4d797f8-1317-4219-a33f-04e9863b8527.jpg",
    "name": "캣츠파인푸드 전연령용 NO.25 닭고기와 참치 고양이 주식캔 4p, 닭, 200g",
    "price": [
      "1% 17,700",
      "17,450원",
      "(100g당 2,181원)",
      "내일(토) 7/3 도착 보장",
      "내일(토) 새벽 도착 보장"
    ],
    "id": 226
  },
  {
    "link": "https://www.coupang.com/vp/products/4782087918?itemId=6115985713&vendorItemId=73412247513&sourceType=CAMPAIGN&campaignId=82&categoryId=445759",
    "image": "https://thumbnail10.coupangcdn.com/thumbnails/remote/230x230ex/image/rs_quotation_api/dwyozlwq/d0f1317b7d3c43588149f3cf38f984d4.png",
    "name": "펫트리온 츄르 강아지 고양이 간식 4p, 닭가슴살 + 연어 혼합맛, 50g",
    "price": [
      "18,000원",
      "내일(토) 7/3 도착 보장",
      "내일(토) 새벽 도착 보장"
    ],
    "id": 227
  },
  {
    "link": "https://www.coupang.com/vp/products/109203333?itemId=330421226&vendorItemId=3810621717&sourceType=CAMPAIGN&campaignId=82&categoryId=445759",
    "image": "https://thumbnail6.coupangcdn.com/thumbnails/remote/230x230ex/image/product/image/vendoritem/2019/03/18/3810621717/a3075ef6-cf62-4e06-9a0d-6eca43882c25.jpg",
    "name": "캣츠파인푸드 고양이용 주식캔 no.3 가금류, 200g, 1개",
    "price": [
      "42% 7,000",
      "4,050원",
      "(100g당 2,025원)",
      "내일(토) 7/3 도착 보장",
      "내일(토) 새벽 도착 보장"
    ],
    "id": 228
  },
  {
    "link": "https://www.coupang.com/vp/products/1741414333?itemId=2964739829&vendorItemId=70697420239&sourceType=CAMPAIGN&campaignId=82&categoryId=445759",
    "image": "https://thumbnail7.coupangcdn.com/thumbnails/remote/230x230ex/image/retail/images/2020/05/13/13/9/04fd2fdf-9ddc-44af-ab16-99ad4d475995.jpg",
    "name": "웰니스 키튼 컴플리트 헬스 그레인 프리 고양이 사료, 닭, 1kg",
    "price": [
      "14,450",
      "14,360원",
      "(100g당 1,436원)",
      "내일(토) 7/3 도착 보장",
      "내일(토) 새벽 도착 보장"
    ],
    "id": 229
  },
  {
    "link": "https://www.coupang.com/vp/products/110876938?itemId=334133580&vendorItemId=3819935640&sourceType=CAMPAIGN&campaignId=82&categoryId=445759",
    "image": "https://thumbnail9.coupangcdn.com/thumbnails/remote/230x230ex/image/retail/images/2018/07/18/15/7/f19b8789-8a44-41a9-a6b8-4b0db6b6293e.jpg",
    "name": "그랜마메이스 그레인프리 연어 고양이 건식사료, 5.4kg, 1개",
    "price": [
      "31% 65,000",
      "44,290원",
      "(100g당 820원)",
      "내일(토) 7/3 도착 보장",
      "내일(토) 새벽 도착 보장"
    ],
    "id": 230
  },
  {
    "link": "https://www.coupang.com/vp/products/4963646213?itemId=6578079260&vendorItemId=73872090506&sourceType=CAMPAIGN&campaignId=82&categoryId=445759",
    "image": "https://thumbnail9.coupangcdn.com/thumbnails/remote/230x230ex/image/rs_quotation_api/ky1pu3w4/4eb845d79fe94ae8bc8ae3db6fcaccfc.jpg",
    "name": "뉴트리언스 고양이 그레인프리 오션피쉬 건식사료, 생선, 2.5kg",
    "price": [
      "26,090원",
      "내일(토) 7/3 도착 보장",
      "내일(토) 새벽 도착 보장"
    ],
    "id": 231
  },
  {
    "link": "https://www.coupang.com/vp/products/2106632071?itemId=3578675634&vendorItemId=71564496347&sourceType=CAMPAIGN&campaignId=82&categoryId=445759",
    "image": "https://thumbnail8.coupangcdn.com/thumbnails/remote/230x230ex/image/retail/images/2020/09/08/19/6/1560bf7b-d9dc-492b-8078-0c353ed576d5.jpg",
    "name": "알파벳 키튼용 고양이 사료 K, 닭, 1kg",
    "price": [
      "16,630원",
      "(100g당 1,663원)",
      "내일(토) 7/3 도착 보장",
      "내일(토) 새벽 도착 보장"
    ],
    "id": 232
  },
  {
    "link": "https://www.coupang.com/vp/products/4395738077?itemId=5214654664&vendorItemId=72523766958&sourceType=CAMPAIGN&campaignId=82&categoryId=445759",
    "image": "https://thumbnail8.coupangcdn.com/thumbnails/remote/230x230ex/image/retail/images/2020/11/25/18/7/61ab8454-54cf-426b-ac51-4ea13af632b0.jpg",
    "name": "로우즈 슈레디드 캣파우치 치킨가슴살 호박 뉴질랜드 그린 홍합 주식파우치 8p, 닭, 69g",
    "price": [
      "3% 26,640",
      "25,760원",
      "내일(토) 7/3 도착 보장",
      "내일(토) 새벽 도착 보장"
    ],
    "id": 233
  },
  {
    "link": "https://www.coupang.com/vp/products/340683119?itemId=1084533230&vendorItemId=5590033550&sourceType=CAMPAIGN&campaignId=82&categoryId=445759",
    "image": "https://thumbnail7.coupangcdn.com/thumbnails/remote/230x230ex/image/retail/images/2019/11/16/10/6/748f824d-ff23-481f-bee7-21227e186f58.jpg",
    "name": "퍼시캣 슈퍼프리미엄 캣캔 치킨 & 닭간 포뮬라 고양이 사료, 80g, 8개",
    "price": [
      "22,960원",
      "(100g당 3,588원)",
      "내일(토) 7/3 도착 보장",
      "내일(토) 새벽 도착 보장"
    ],
    "id": 234
  },
  {
    "link": "https://www.coupang.com/vp/products/113132194?itemId=339856214&vendorItemId=3834178841&sourceType=CAMPAIGN&campaignId=82&categoryId=445759",
    "image": "https://thumbnail8.coupangcdn.com/thumbnails/remote/230x230ex/image/product/image/vendoritem/2019/02/18/3834178841/1b93f570-4322-4636-bdd3-9c071b7c2cf6.jpg",
    "name": "캣츠파인푸드 고양이 파우치 No 15 닭고기와 꿩고기, 85g, 1개",
    "price": [
      "32% 6,000",
      "4,070원",
      "(100g당 4,788원)",
      "내일(토) 7/3 도착 보장",
      "내일(토) 새벽 도착 보장"
    ],
    "id": 235
  },
  {
    "link": "https://www.coupang.com/vp/products/4632933080?itemId=5754131759&vendorItemId=73052738790&sourceType=CAMPAIGN&campaignId=82&categoryId=445759",
    "image": "https://thumbnail7.coupangcdn.com/thumbnails/remote/230x230ex/image/rs_quotation_api/ffsngazn/7718c66e357742cba001851826172917.jpg",
    "name": "콤비네이션 전연령 반려묘 건식사료, 오리, 1.5kg",
    "price": [
      "8,170원",
      "내일(토) 7/3 도착 보장",
      "내일(토) 새벽 도착 보장"
    ],
    "id": 236
  },
  {
    "link": "https://www.coupang.com/vp/products/4666881819?itemId=5830434186&vendorItemId=73128774013&sourceType=CAMPAIGN&campaignId=82&categoryId=445759",
    "image": "https://thumbnail7.coupangcdn.com/thumbnails/remote/230x230ex/image/retail/images/2020/12/23/17/4/57c95e75-f385-4a9b-af97-36657a929a0e.jpg",
    "name": "로투스 캣 오븐베이크 그레인프리 건식사료 정어리와 청어, 생선, 1kg",
    "price": [
      "33,000원",
      "내일(토) 7/3 도착 보장",
      "내일(토) 새벽 도착 보장"
    ],
    "id": 237
  },
  {
    "link": "https://www.coupang.com/vp/products/2011728999?itemId=3422246652&vendorItemId=71408800319&sourceType=CAMPAIGN&campaignId=82&categoryId=445759",
    "image": "https://thumbnail9.coupangcdn.com/thumbnails/remote/230x230ex/image/retail/images/2020/08/21/19/3/e883bada-832d-45a8-b86c-3eb9ac30a3a7.jpg",
    "name": "테비랑 플러스 고양이 건식사료 유산균, 닭, 5kg",
    "price": [
      "와우할인가 | 22% 23,000",
      "17,800원",
      "(100g당 178원)",
      "내일(토) 7/3 도착 보장"
    ],
    "id": 238
  },
  {
    "link": "https://www.coupang.com/vp/products/1704612463?itemId=2900808652&vendorItemId=70889770324&sourceType=CAMPAIGN&campaignId=82&categoryId=445759",
    "image": "https://thumbnail9.coupangcdn.com/thumbnails/remote/230x230ex/image/retail/images/2020/06/11/18/6/3ead563a-9b56-40cc-a940-4b59df285884.jpg",
    "name": "캣츠파인푸드 NO 409 필렛 칠면조 닭고기와 토끼 주식캔 12p, 닭, 85g",
    "price": [
      "8% 48,600",
      "44,640원",
      "(100g당 4,376원)",
      "내일(토) 7/3 도착 보장",
      "내일(토) 새벽 도착 보장"
    ],
    "id": 239
  },
  {
    "link": "https://www.coupang.com/vp/products/2269893545?itemId=3892451701&vendorItemId=71877069768&sourceType=CAMPAIGN&campaignId=82&categoryId=445759",
    "image": "https://thumbnail6.coupangcdn.com/thumbnails/remote/230x230ex/image/retail/images/2020/10/20/17/1/9c3ce421-aec9-459d-b013-d2fdcb4c8179.jpg",
    "name": "궁 동결건조 자연식 고양이 사료 기호성 테스트용 6p, 연어, 10g",
    "price": [
      "12% 14,230",
      "12,460원",
      "내일(토) 7/3 도착 보장"
    ],
    "id": 240
  },
  {
    "link": "https://www.coupang.com/vp/products/1920295778?itemId=3260422703&vendorItemId=71247478686&sourceType=CAMPAIGN&campaignId=82&categoryId=445759",
    "image": "https://thumbnail8.coupangcdn.com/thumbnails/remote/230x230ex/image/retail/images/2020/07/30/22/9/7bd58cce-0736-422c-81ff-ddc96959a90a.jpg",
    "name": "퍼스트초이스 시니어 고양이 사료, 닭, 5.44kg",
    "price": [
      "2% 43,000",
      "41,990원",
      "(100g당 772원)",
      "내일(토) 7/3 도착 보장",
      "새 상품, 박스 훼손 (3) 최저 41,990원"
    ],
    "id": 241
  },
  {
    "link": "https://www.coupang.com/vp/products/1741414388?itemId=2964739889&vendorItemId=70404902763&sourceType=CAMPAIGN&campaignId=82&categoryId=445759",
    "image": "https://thumbnail10.coupangcdn.com/thumbnails/remote/230x230ex/image/retail/images/2020/03/09/18/6/c9992f34-73c8-4065-befb-f28298fd687a.jpg",
    "name": "웰니스 컴플리트 헬스 그레인프리 인도어 헬시 웨이트 캣 사료, 닭, 2.5kg",
    "price": [
      "37,380원",
      "(100g당 1,495원)",
      "내일(토) 7/3 도착 보장",
      "내일(토) 새벽 도착 보장"
    ],
    "id": 242
  },
  {
    "link": "https://www.coupang.com/vp/products/3230207?itemId=8284113&vendorItemId=3011490003&sourceType=CAMPAIGN&campaignId=82&categoryId=445759",
    "image": "https://thumbnail9.coupangcdn.com/thumbnails/remote/230x230ex/image/retail/images/45002325562781-bb9cf323-622c-49a9-84ac-416901785156.jpg",
    "name": "컴페니언펫츠클래식 고양이 사료 씨푸드, 7kg, 1개",
    "price": [
      "27% 28,000",
      "20,250원",
      "(100g당 289원)",
      "내일(토) 7/3 도착 보장",
      "내일(토) 새벽 도착 보장"
    ],
    "id": 243
  },
  {
    "link": "https://www.coupang.com/vp/products/2070796819?itemId=3518489123&vendorItemId=71504591740&sourceType=CAMPAIGN&campaignId=82&categoryId=445759",
    "image": "https://thumbnail9.coupangcdn.com/thumbnails/remote/230x230ex/image/retail/images/2020/08/18/11/5/f397c3c5-05a3-4766-832e-7f7ff878234d.jpg",
    "name": "콩고 생후3개월 이후 고양이 사료 2p, 참치 + 연어, 1.5kg",
    "price": [
      "15,500원",
      "(100g당 517원)",
      "내일(토) 7/3 도착 보장",
      "내일(토) 새벽 도착 보장"
    ],
    "id": 244
  },
  {
    "link": "https://www.coupang.com/vp/products/2011729078?itemId=3422246744&vendorItemId=71408800423&sourceType=CAMPAIGN&campaignId=82&categoryId=445759",
    "image": "https://thumbnail10.coupangcdn.com/thumbnails/remote/230x230ex/image/retail/images/2020/08/21/19/1/ddab685d-72f0-4d37-b1f3-a2ea19426e8f.jpg",
    "name": "테비랑 플러스 고양이 건식사료 연어, 닭, 5kg",
    "price": [
      "와우할인가 | 22% 23,000",
      "17,800원",
      "(100g당 178원)",
      "내일(토) 7/3 도착 보장"
    ],
    "id": 245
  },
  {
    "link": "https://www.coupang.com/vp/products/1920295788?itemId=3260422707&vendorItemId=71247478698&sourceType=CAMPAIGN&campaignId=82&categoryId=445759",
    "image": "https://thumbnail7.coupangcdn.com/thumbnails/remote/230x230ex/image/retail/images/2020/07/30/22/4/ff7d136b-18f6-4a5f-8291-2b13b48b2b44.jpg",
    "name": "퍼스트초이스 하이퍼알러지 고양이 사료, 오리, 2.72kg",
    "price": [
      "25,290원",
      "(100g당 930원)",
      "내일(토) 7/3 도착 보장",
      "내일(토) 새벽 도착 보장"
    ],
    "id": 246
  },
  {
    "link": "https://www.coupang.com/vp/products/5117460777?itemId=6990520952&vendorItemId=74282819967&sourceType=CAMPAIGN&campaignId=82&categoryId=445759",
    "image": "https://thumbnail7.coupangcdn.com/thumbnails/remote/230x230ex/image/rs_quotation_api/oeirzklj/d5f752870c294f2081f64b382ccb749e.jpg",
    "name": "벤티 고양이 그레인프리 피모 관절 관리 사료, 5kg, 닭",
    "price": [
      "11% 39,000",
      "34,710원",
      "내일(토) 7/3 도착 보장"
    ],
    "id": 247
  },
  {
    "link": "https://www.coupang.com/vp/products/2249040207?itemId=3843690205&vendorItemId=71828498252&sourceType=CAMPAIGN&campaignId=82&categoryId=445759",
    "image": "https://thumbnail7.coupangcdn.com/thumbnails/remote/230x230ex/image/retail/images/290452238400636-3183fa72-4f58-4f47-88a2-1cdffb73ce03.jpg",
    "name": "미트바 고양이 유산균 영양 간식 10p, 명태살 + 당근 혼합맛, 12g",
    "price": [
      "즉시할인가 | 5% 9,900",
      "9,400원",
      "(100g당 7,833원)",
      "내일(토) 7/3 도착 보장",
      "내일(토) 새벽 도착 보장"
    ],
    "id": 248
  },
  {
    "link": "https://www.coupang.com/vp/products/4395771520?itemId=5214758651&vendorItemId=72523868660&sourceType=CAMPAIGN&campaignId=82&categoryId=445759",
    "image": "https://thumbnail6.coupangcdn.com/thumbnails/remote/230x230ex/image/retail/images/2020/11/25/18/2/3f6298b6-62ba-49b7-9943-8a30c7112a72.jpg",
    "name": "로우즈 사시 참치 정어리 고양이 주식파우치 8p, 생선, 50g",
    "price": [
      "4% 19,820",
      "19,000원",
      "내일(토) 7/3 도착 보장",
      "내일(토) 새벽 도착 보장"
    ],
    "id": 249
  },
  {
    "link": "https://www.coupang.com/vp/products/2160328992?itemId=3669908791&vendorItemId=71655300210&sourceType=CAMPAIGN&campaignId=82&categoryId=445759",
    "image": "https://thumbnail7.coupangcdn.com/thumbnails/remote/230x230ex/image/retail/images/2020/09/17/14/1/4519b41d-00bd-47b3-ad7b-20aa4a9d67f6.jpg",
    "name": "테라펠리스 치킨과 호박 클래식 고양이 습식사료 2p, 치킨, 200g",
    "price": [
      "15,000원",
      "(100g당 3,750원)",
      "내일(토) 7/3 도착 보장",
      "내일(토) 새벽 도착 보장"
    ],
    "id": 250
  },
  {
    "link": "https://www.coupang.com/vp/products/3240450?itemId=355138&vendorItemId=3000261777&sourceType=CAMPAIGN&campaignId=82&categoryId=445759",
    "image": "https://thumbnail8.coupangcdn.com/thumbnails/remote/230x230ex/image/product/image/vendoritem/2015/04/29/3000261777/52c354ba-5a00-46d4-93d6-383d02e8d7a6.jpg",
    "name": "올가밀 홀리스틱 캣35 고양이 사료 씨푸드&참치, 2.25kg, 1개",
    "price": [
      "와우할인가 | 28% 27,500",
      "19,570원",
      "(100g당 870원)",
      "내일(토) 7/3 도착 보장",
      "내일(토) 새벽 도착 보장"
    ],
    "id": 251
  },
  {
    "link": "https://www.coupang.com/vp/products/1649724106?itemId=2810795882&vendorItemId=70800346900&sourceType=CAMPAIGN&campaignId=82&categoryId=445759",
    "image": "https://thumbnail7.coupangcdn.com/thumbnails/remote/230x230ex/image/retail/images/2020/05/27/12/5/051d09e9-cd18-4c7b-a48d-edb3cda92d08.jpg",
    "name": "캣츠파인푸드 NO 25 고양이 주식캔 6p, 닭고기 + 참치 혼합맛, 200g",
    "price": [
      "24,300원",
      "(100g당 2,025원)",
      "내일(토) 7/3 도착 보장",
      "내일(토) 새벽 도착 보장"
    ],
    "id": 252
  },
  {
    "link": "https://www.coupang.com/vp/products/2239774900?itemId=3825621209&vendorItemId=71810478131&sourceType=CAMPAIGN&campaignId=82&categoryId=445759",
    "image": "https://thumbnail6.coupangcdn.com/thumbnails/remote/230x230ex/image/retail/images/2020/10/14/18/0/efe738e6-66cc-49a5-8c74-a2480f16dd69.jpg",
    "name": "퓨리나원 키튼 닭고기 고양이 주식 파우치 24p, 닭, 70g",
    "price": [
      "8% 36,420",
      "33,300원",
      "(100g당 1,982원)",
      "내일(토) 7/3 도착 보장"
    ],
    "id": 253
  },
  {
    "link": "https://www.coupang.com/vp/products/338660971?itemId=1079144265&vendorItemId=5578618944&sourceType=CAMPAIGN&campaignId=82&categoryId=445759",
    "image": "https://thumbnail7.coupangcdn.com/thumbnails/remote/230x230ex/image/retail/images/2019/11/18/14/5/e91eb2bb-58b6-4c37-8ede-1fe44637da32.jpg",
    "name": "퍼시캣 슈퍼프리미엄 캣캔 치킨 + 비프 포뮬라, 80g, 8개",
    "price": [
      "21,600원",
      "(100g당 3,375원)",
      "내일(토) 7/3 도착 보장",
      "내일(토) 새벽 도착 보장"
    ],
    "id": 254
  },
  {
    "link": "https://www.coupang.com/vp/products/169718146?itemId=485699748&vendorItemId=4224034586&sourceType=CAMPAIGN&campaignId=82&categoryId=445759",
    "image": "https://thumbnail6.coupangcdn.com/thumbnails/remote/230x230ex/image/retail/images/2018/12/20/17/8/8f5fa4f7-bdda-4429-a10c-ba89be90022d.jpg",
    "name": "캣츠미어 고양이 사료 참치 흰살토핑, 170g, 6개",
    "price": [
      "와우할인가 | 20% 11,880",
      "9,400원",
      "(100g당 922원)",
      "내일(토) 7/3 도착 보장"
    ],
    "id": 255
  },
  {
    "link": "https://www.coupang.com/vp/products/95513?itemId=186863&vendorItemId=3000106200&sourceType=CAMPAIGN&campaignId=82&categoryId=445759",
    "image": "https://thumbnail6.coupangcdn.com/thumbnails/remote/230x230ex/image/product/image/vendoritem/2019/02/15/3000106200/068f9f21-ed25-4225-8a9f-978653a92e8c.jpg",
    "name": "트로벳 Renal＆Oxalate 고양이 사료, 500g, 1개",
    "price": [
      "와우할인가 | 26% 13,000",
      "9,560원",
      "(100g당 1,912원)",
      "내일(토) 7/3 도착 보장",
      "내일(토) 새벽 도착 보장"
    ],
    "id": 256
  },
  {
    "link": "https://www.coupang.com/vp/products/3240451?itemId=11746895&vendorItemId=3017802385&sourceType=CAMPAIGN&campaignId=82&categoryId=445759",
    "image": "https://thumbnail7.coupangcdn.com/thumbnails/remote/230x230ex/image/product/image/vendoritem/2016/05/09/3017802385/adacdddc-7e4a-4e9f-a5dc-4479fa926af5.jpg",
    "name": "올가밀 홀리스틱 캣35 전연령 고양이 사료, 1kg, 2개",
    "price": [
      "와우할인가 | 20% 21,190",
      "16,830원",
      "(100g당 842원)",
      "내일(토) 7/3 도착 보장",
      "내일(토) 새벽 도착 보장"
    ],
    "id": 257
  },
  {
    "link": "https://www.coupang.com/vp/products/1762977960?itemId=3002470282&vendorItemId=70990705871&sourceType=CAMPAIGN&campaignId=82&categoryId=445759",
    "image": "https://thumbnail7.coupangcdn.com/thumbnails/remote/230x230ex/image/retail/images/2020/06/30/18/9/1e039bd4-c913-4c1e-afd0-74756d11dddb.jpg",
    "name": "내츄럴큐브 그린벨 씨푸드 인도어 고양이 건식사료, 생선, 2kg",
    "price": [
      "와우할인가 | 20% 17,600",
      "14,080원",
      "(100g당 704원)",
      "내일(토) 7/3 도착 보장",
      "내일(토) 새벽 도착 보장"
    ],
    "id": 258
  },
  {
    "link": "https://www.coupang.com/vp/products/338651559?itemId=1079115285&vendorItemId=5578556862&sourceType=CAMPAIGN&campaignId=82&categoryId=445759",
    "image": "https://thumbnail9.coupangcdn.com/thumbnails/remote/230x230ex/image/retail/images/2019/11/15/15/7/76544392-ecbc-46f1-88d5-00e878345109.jpg",
    "name": "퍼시캣 슈퍼프리미엄 고양이 사료캔 치킨 포뮬라, 80g, 8개",
    "price": [
      "21,600원",
      "(100g당 3,375원)",
      "내일(토) 7/3 도착 보장",
      "내일(토) 새벽 도착 보장"
    ],
    "id": 259
  },
  {
    "link": "https://www.coupang.com/vp/products/4395771606?itemId=5214758808&vendorItemId=72523868897&sourceType=CAMPAIGN&campaignId=82&categoryId=445759",
    "image": "https://thumbnail6.coupangcdn.com/thumbnails/remote/230x230ex/image/retail/images/2020/11/25/18/2/ef87b06a-810a-42a4-a2fa-ef28e7735738.jpg",
    "name": "오쥬바이로우즈 치킨가슴살 오리 고양이 주식파우치 8p, 닭, 69g",
    "price": [
      "25,200원",
      "내일(토) 7/3 도착 보장",
      "내일(토) 새벽 도착 보장"
    ],
    "id": 260
  },
  {
    "link": "https://www.coupang.com/vp/products/1914595592?itemId=3250686294&vendorItemId=71237772881&sourceType=CAMPAIGN&campaignId=82&categoryId=445759",
    "image": "https://thumbnail7.coupangcdn.com/thumbnails/remote/230x230ex/image/retail/images/2020/08/04/10/6/29e77c3f-f515-4e38-81d8-e91c15749a15.jpg",
    "name": "블루키친 전연령 블루오션 캣 화이트 피쉬 앤 살몬 건식사료, 생선, 4.5kg",
    "price": [
      "19% 36,000",
      "29,000원",
      "(100g당 644원)",
      "내일(토) 7/3 도착 보장",
      "내일(토) 새벽 도착 보장"
    ],
    "id": 261
  },
  {
    "link": "https://www.coupang.com/vp/products/1518424738?itemId=2605723057&vendorItemId=70596861807&sourceType=CAMPAIGN&campaignId=82&categoryId=445759",
    "image": "https://thumbnail10.coupangcdn.com/thumbnails/remote/230x230ex/image/retail/images/2020/04/28/10/0/6a9bdba5-f6fa-4330-bc4d-96f52a4ebce5.jpg",
    "name": "미토 성묘용 프리미엄 건식사료, 닭, 1kg",
    "price": [
      "15,550원",
      "(100g당 778원)",
      "내일(토) 7/3 도착 보장",
      "내일(토) 새벽 도착 보장"
    ],
    "id": 262
  },
  {
    "link": "https://www.coupang.com/vp/products/338660852?itemId=1079143976&vendorItemId=5578618058&sourceType=CAMPAIGN&campaignId=82&categoryId=445759",
    "image": "https://thumbnail7.coupangcdn.com/thumbnails/remote/230x230ex/image/retail/images/2019/11/18/14/8/b5b67198-e136-4b75-82de-772d78e9e3c0.jpg",
    "name": "퍼시캣 슈퍼프리미엄 캣캔 치킨 + 오리 포뮬라, 80g, 8개",
    "price": [
      "21,600원",
      "(100g당 3,375원)",
      "내일(토) 7/3 도착 보장",
      "내일(토) 새벽 도착 보장"
    ],
    "id": 263
  },
  {
    "link": "https://www.coupang.com/vp/products/201859?itemId=375710&vendorItemId=3000106129&sourceType=CAMPAIGN&campaignId=82&categoryId=445759",
    "image": "https://thumbnail6.coupangcdn.com/thumbnails/remote/230x230ex/image/product/image/vendoritem/2019/03/22/3000106129/9f552ece-d868-4034-a4f3-d79501755fed.jpg",
    "name": "트로벳 레날 앤 옥살레이트 신장질환 결석예방 처방사료, 5.21kg, 1개",
    "price": [
      "와우할인가 | 25% 90,000",
      "67,460원",
      "(100g당 1,295원)",
      "내일(토) 7/3 도착 보장",
      "내일(토) 새벽 도착 보장"
    ],
    "id": 264
  },
  {
    "link": "https://www.coupang.com/vp/products/4803651218?itemId=6169617721&vendorItemId=73465688932&sourceType=CAMPAIGN&campaignId=82&categoryId=445759",
    "image": "https://thumbnail8.coupangcdn.com/thumbnails/remote/230x230ex/image/retail/images/2021/01/15/11/7/9e8dc172-b680-4df4-9233-09494e74b98b.jpg",
    "name": "미토 어덜트용 치킨 피쉬 믹스 캣 건식사료, 15kg",
    "price": [
      "56,000원",
      "내일(토) 7/3 도착 보장",
      "내일(토) 새벽 도착 보장"
    ],
    "id": 265
  },
  {
    "link": "https://www.coupang.com/vp/products/1960517605?itemId=3332012601&vendorItemId=71318833866&sourceType=CAMPAIGN&campaignId=82&categoryId=445759",
    "image": "https://thumbnail8.coupangcdn.com/thumbnails/remote/230x230ex/image/retail/images/2020/08/12/11/5/5488b932-a18d-41d5-a2bf-76cb428b4617.jpg",
    "name": "산시아 콩고 어덜트 고양이 건식사료 4p, 참치 앤 연어, 500g",
    "price": [
      "12,000원",
      "(100g당 600원)",
      "내일(토) 7/3 도착 보장",
      "내일(토) 새벽 도착 보장"
    ],
    "id": 266
  },
  {
    "link": "https://www.coupang.com/vp/products/1887042?itemId=8348210&vendorItemId=3011641326&sourceType=CAMPAIGN&campaignId=82&categoryId=445759",
    "image": "https://thumbnail6.coupangcdn.com/thumbnails/remote/230x230ex/image/retail/images/11374579781665-db53a510-6ec4-4fe2-aaec-59dd153038c2.jpg",
    "name": "대한사료 캣패밀리 성묘용 고양이 사료, 6.8kg, 1개",
    "price": [
      "46% 29,900",
      "15,900원",
      "(100g당 234원)",
      "내일(토) 7/3 도착 보장",
      "내일(토) 새벽 도착 보장"
    ],
    "id": 267
  },
  {
    "link": "https://www.coupang.com/vp/products/3230209?itemId=8284115&vendorItemId=3011490005&sourceType=CAMPAIGN&campaignId=82&categoryId=445759",
    "image": "https://thumbnail7.coupangcdn.com/thumbnails/remote/230x230ex/image/retail/images/45082643065449-cf2f7381-1f54-4501-913e-19836ace7b82.jpg",
    "name": "컴페니언펫츠클래식 닭고기 고양이 사료, 7kg, 1개",
    "price": [
      "27% 28,000",
      "20,250원",
      "(100g당 289원)",
      "내일(토) 7/3 도착 보장",
      "내일(토) 새벽 도착 보장"
    ],
    "id": 268
  },
  {
    "link": "https://www.coupang.com/vp/products/113132190?itemId=339856203&vendorItemId=3834178806&sourceType=CAMPAIGN&campaignId=82&categoryId=445759",
    "image": "https://thumbnail6.coupangcdn.com/thumbnails/remote/230x230ex/image/retail/images/2018/07/25/17/6/72d51ee3-2691-40cf-be8a-ed6cf13b399e.jpg",
    "name": "캣츠파인푸드 고양이 퓨레 파우치 넘버103 닭고기 맛, 85g, 1개",
    "price": [
      "35% 7,000",
      "4,520원",
      "(100g당 5,318원)",
      "내일(토) 7/3 도착 보장",
      "내일(토) 새벽 도착 보장"
    ],
    "id": 269
  },
  {
    "link": "https://www.coupang.com/vp/products/5242950823?itemId=7411864878&vendorItemId=74702920718&sourceType=CAMPAIGN&campaignId=82&categoryId=445759",
    "image": "https://thumbnail7.coupangcdn.com/thumbnails/remote/230x230ex/image/retail/images/2021/03/10/11/7/e1d5caac-59a9-4609-97eb-6a026bf33ff2.jpg",
    "name": "ANF 그레인 프리 고양이 사료 연어와 노란콩, 6.8kg, 생선",
    "price": [
      "51,000원",
      "내일(토) 7/3 도착 보장"
    ],
    "id": 270
  },
  {
    "link": "https://www.coupang.com/vp/products/5620174337?itemId=9108154545&vendorItemId=76395021822&sourceType=CAMPAIGN&campaignId=82&categoryId=445759",
    "image": "https://thumbnail6.coupangcdn.com/thumbnails/remote/230x230ex/image/rs_quotation_api/35vtsgqk/186656070ce044dbb8957570a108ca3b.jpg",
    "name": "고양이 미각젤리캔 습식간식 참치와 치어 40p, 생선, 25g",
    "price": [
      "와우할인가 | 8% 15,800",
      "14,440원",
      "내일(토) 7/3 도착 보장",
      "내일(토) 새벽 도착 보장"
    ],
    "id": 271
  },
  {
    "link": "https://www.coupang.com/vp/products/5493308972?itemId=8512424740&vendorItemId=75799887296&sourceType=CAMPAIGN&campaignId=82&categoryId=445759",
    "image": "https://thumbnail9.coupangcdn.com/thumbnails/remote/230x230ex/image/rs_quotation_api/gb7wv8yu/111119c99c5f453dabede9e8a083089f.jpg",
    "name": "뉴로 고양이 전연령 프리스타일 그레인프리 건식 사료 칠면조 앤 오리 2p, 5.44kg",
    "price": [
      "132,000원",
      "내일(토) 7/3 도착 보장",
      "내일(토) 새벽 도착 보장"
    ],
    "id": 272
  },
  {
    "link": "https://www.coupang.com/vp/products/5493308955?itemId=8512424611&vendorItemId=75799887233&sourceType=CAMPAIGN&campaignId=82&categoryId=445759",
    "image": "https://thumbnail8.coupangcdn.com/thumbnails/remote/230x230ex/image/rs_quotation_api/fftzz9so/85983fd233724ed88e486356cf043eec.jpg",
    "name": "뉴로 고양이 전연령 프리스타일 그레인프리 건식 사료 오리 앤 렌틸콩 2p, 5.44kg",
    "price": [
      "127,250원",
      "내일(토) 7/3 도착 보장",
      "내일(토) 새벽 도착 보장"
    ],
    "id": 273
  },
  {
    "link": "https://www.coupang.com/vp/products/5184690349?itemId=7180635224&vendorItemId=74472406952&sourceType=CAMPAIGN&campaignId=82&categoryId=445759",
    "image": "https://thumbnail8.coupangcdn.com/thumbnails/remote/230x230ex/image/rs_quotation_api/p6n6xwuy/2145e048a1f54a05ab790b35c4fc29b3.jpg",
    "name": "퍼스트메이트 전연령용 캣 그레인프리 퍼시픽 오션 피쉬 블루베리 건식사료, 800g, 생선",
    "price": [
      "2% 12,980",
      "12,710원",
      "내일(토) 7/3 도착 보장",
      "내일(토) 새벽 도착 보장"
    ],
    "id": 274
  },
  {
    "link": "https://www.coupang.com/vp/products/4327733633?itemId=5046426945&vendorItemId=72355962022&sourceType=CAMPAIGN&campaignId=82&categoryId=445759",
    "image": "https://thumbnail7.coupangcdn.com/thumbnails/remote/230x230ex/image/rs_quotation_api/ac8a/8a25c4a273877199a1a0a74786274973f21fd93480731d02e7ea09ca5ae4.png",
    "name": "레오나르도 어덜트용 폴트리 그레인프리 드라이 캣푸드 7p, 가금육, 300g",
    "price": [
      "와우할인가 | 20% 49,500",
      "39,600원",
      "내일(토) 7/3 도착 보장"
    ],
    "id": 275
  },
  {
    "link": "https://www.coupang.com/vp/products/1771143261?itemId=3015755407&vendorItemId=71003931545&sourceType=CAMPAIGN&campaignId=82&categoryId=445759",
    "image": "https://thumbnail9.coupangcdn.com/thumbnails/remote/230x230ex/image/retail/images/2020/06/23/20/9/8321be5b-f594-4c3f-b350-4e792f9c3c11.jpg",
    "name": "카이세키 제핀 캔 마구로 고양이 간식 4p, 참치, 80g",
    "price": [
      "11,500원",
      "(100g당 3,594원)",
      "내일(토) 7/3 도착 보장",
      "내일(토) 새벽 도착 보장"
    ],
    "id": 276
  },
  {
    "link": "https://www.coupang.com/vp/products/1376877189?itemId=2410386156&vendorItemId=70404902724&sourceType=CAMPAIGN&campaignId=82&categoryId=445759",
    "image": "https://thumbnail9.coupangcdn.com/thumbnails/remote/230x230ex/image/retail/images/2020/03/09/18/6/0047c567-f03f-4f8d-91a9-611469d3db58.jpg",
    "name": "웰니스 코어 인도어 오션 캣사료, 연어, 2.26kg",
    "price": [
      "15% 32,500",
      "27,420원",
      "(100g당 1,213원)",
      "내일(토) 7/3 도착 보장",
      "내일(토) 새벽 도착 보장"
    ],
    "id": 277
  },
  {
    "link": "https://www.coupang.com/vp/products/1717233733?itemId=2922638894&vendorItemId=70911218999&sourceType=CAMPAIGN&campaignId=82&categoryId=445759",
    "image": "https://thumbnail10.coupangcdn.com/thumbnails/remote/230x230ex/image/retail/images/2020/06/09/18/5/a8ccdfab-9425-495d-baf2-27a8047868a7.jpg",
    "name": "캣츠파인푸드 NO 403 고양이 필렛 습식캔 12p, 닭, 85g",
    "price": [
      "54,000원",
      "(100g당 5,294원)",
      "내일(토) 7/3 도착 보장",
      "내일(토) 새벽 도착 보장"
    ],
    "id": 278
  },
  {
    "link": "https://www.coupang.com/vp/products/282657940?itemId=897317058&vendorItemId=5252604143&sourceType=CAMPAIGN&campaignId=82&categoryId=445759",
    "image": "https://thumbnail8.coupangcdn.com/thumbnails/remote/230x230ex/image/retail/images/2019/08/16/12/3/ce49fbd3-b563-47b7-9cc9-2f8360c7d37b.jpg",
    "name": "피쉬포독스 피쉬포캣 연어 그레인프리 고양이 사료, 5kg, 1개",
    "price": [
      "79,800원",
      "(100g당 1,596원)",
      "내일(토) 7/3 도착 보장",
      "내일(토) 새벽 도착 보장"
    ],
    "id": 279
  },
  {
    "link": "https://www.coupang.com/vp/products/63199560?itemId=215283178&vendorItemId=3486940894&sourceType=CAMPAIGN&campaignId=82&categoryId=445759",
    "image": "https://thumbnail10.coupangcdn.com/thumbnails/remote/230x230ex/image/retail/images/2018/01/10/15/1/70b92abf-3c2a-4d88-9d36-a6b6fde150d0.jpg",
    "name": "네이처스버라이어티 오리 칠면조 생식본능 오리지날 캣 키블 건식사료, 2kg",
    "price": [
      "와우할인가 | 29% 53,000",
      "37,510원",
      "(100g당 1,876원)",
      "내일(토) 7/3 도착 보장",
      "내일(토) 새벽 도착 보장"
    ],
    "id": 280
  },
  {
    "link": "https://www.coupang.com/vp/products/4655581033?itemId=6594415685&vendorItemId=73888365520&sourceType=CAMPAIGN&campaignId=82&categoryId=445759",
    "image": "https://thumbnail6.coupangcdn.com/thumbnails/remote/230x230ex/image/retail/images/2021/02/09/11/0/793308c7-94ae-48c8-a9eb-d7ddf92091ad.jpg",
    "name": "캣아이디어 키튼 씨피쉬 그레인프리 고양이 건식사료, 생선(30g*10개), 300g",
    "price": [
      "5,000원",
      "내일(토) 7/3 도착 보장",
      "내일(토) 새벽 도착 보장"
    ],
    "id": 281
  },
  {
    "link": "https://www.coupang.com/vp/products/111554541?itemId=335955486&vendorItemId=3824248870&sourceType=CAMPAIGN&campaignId=82&categoryId=445759",
    "image": "https://thumbnail6.coupangcdn.com/thumbnails/remote/230x230ex/image/retail/images/2018/07/06/19/1/544076de-3df3-4f31-bf3e-5e9e50584113.jpg",
    "name": "캣츠파인푸드 필렛 No 409 칠면조 닭고기와 토끼 고양이 주식캔, 85g, 1개",
    "price": [
      "24% 6,000",
      "4,550원",
      "(100g당 5,353원)",
      "내일(토) 7/3 도착 보장",
      "내일(토) 새벽 도착 보장"
    ],
    "id": 282
  },
  {
    "link": "https://www.coupang.com/vp/products/301645833?itemId=949183693&vendorItemId=5341630513&sourceType=CAMPAIGN&campaignId=82&categoryId=445759",
    "image": "https://thumbnail7.coupangcdn.com/thumbnails/remote/230x230ex/image/retail/images/2019/09/09/22/8/537596b5-c495-486f-9748-8f9a9130bf76.jpg",
    "name": "리첼 고양이 보양삼계탕 닭고기 습식사료, 120g, 10개",
    "price": [
      "와우할인가 | 2% 16,800",
      "16,460원",
      "(100g당 1,372원)",
      "내일(토) 7/3 도착 보장",
      "내일(토) 새벽 도착 보장"
    ],
    "id": 283
  },
  {
    "link": "https://www.coupang.com/vp/products/1981265845?itemId=3370856161&vendorItemId=71357570344&sourceType=CAMPAIGN&campaignId=82&categoryId=445759",
    "image": "https://thumbnail6.coupangcdn.com/thumbnails/remote/230x230ex/image/retail/images/2020/08/20/13/9/003b26bd-e750-4f6f-9ddc-3c0700ee768d.jpg",
    "name": "모찌네 전연령용 고양이 건식사료, 닭, 5kg",
    "price": [
      "와우할인가 | 5% 14,160",
      "13,450원",
      "(100g당 269원)",
      "내일(토) 7/3 도착 보장",
      "내일(토) 새벽 도착 보장",
      "새 상품, 박스 훼손 (3) 최저 13,450원"
    ],
    "id": 284
  },
  {
    "link": "https://www.coupang.com/vp/products/1767433689?itemId=3009540029&vendorItemId=70997746121&sourceType=CAMPAIGN&campaignId=82&categoryId=445759",
    "image": "https://thumbnail7.coupangcdn.com/thumbnails/remote/230x230ex/image/retail/images/2020/06/30/9/9/e7a490b6-50fb-443d-8290-aeb0d535e8aa.jpg",
    "name": "BlackHawk 어덜트 고양이 주식 파우치 그레인프리 닭고기 앤 양고기 12p, 닭, 85g",
    "price": [
      "20,450원",
      "(100g당 2,005원)",
      "내일(토) 7/3 도착 보장",
      "내일(토) 새벽 도착 보장"
    ],
    "id": 285
  },
  {
    "link": "https://www.coupang.com/vp/products/2306012388?itemId=3974694976&vendorItemId=71959029650&sourceType=CAMPAIGN&campaignId=82&categoryId=445759",
    "image": "https://thumbnail6.coupangcdn.com/thumbnails/remote/230x230ex/image/retail/images/2020/10/27/18/4/896f694a-127a-481e-9a92-1f6329de2300.jpg",
    "name": "내추럴발란스 성묘용 LID 닭고기 호박 캣 푸드 수제 브로스 고양이 주식캔 24p, 닭, 78g",
    "price": [
      "85,720원",
      "내일(토) 7/3 도착 보장",
      "내일(토) 새벽 도착 보장"
    ],
    "id": 286
  },
  {
    "link": "https://www.coupang.com/vp/products/5063499742?itemId=6840528414&vendorItemId=74133149214&sourceType=CAMPAIGN&campaignId=82&categoryId=445759",
    "image": "https://thumbnail6.coupangcdn.com/thumbnails/remote/230x230ex/image/retail/images/2021/02/24/12/8/656a6b4f-781c-41a3-b4bb-28d77237b69d.jpg",
    "name": "ANF 캣 홀리스틱 헬시키튼 18p, 5.4kg, 치킨 + 과일 + 야채 + 생선",
    "price": [
      "40,600",
      "40,340원",
      "내일(토) 7/3 도착 보장",
      "내일(토) 새벽 도착 보장"
    ],
    "id": 287
  },
  {
    "link": "https://www.coupang.com/vp/products/2273871973?itemId=3900963112&vendorItemId=71885553300&sourceType=CAMPAIGN&campaignId=82&categoryId=445759",
    "image": "https://thumbnail9.coupangcdn.com/thumbnails/remote/230x230ex/image/retail/images/2020/10/15/12/1/b1062379-2e44-41c3-b9c8-5e4dff218fb2.jpg",
    "name": "내추럴발란스 GRAIN FREE 정어리 흰살생선 참치 고등어 수제 스튜 캣 포뮬라 주식컵캔 12p, 생선, 71g",
    "price": [
      "10% 24,480",
      "21,960원",
      "(100g당 2,577원)",
      "내일(토) 7/3 도착 보장",
      "내일(토) 새벽 도착 보장"
    ],
    "id": 288
  },
  {
    "link": "https://www.coupang.com/vp/products/2228614383?itemId=3802002406&vendorItemId=71786972240&sourceType=CAMPAIGN&campaignId=82&categoryId=445759",
    "image": "https://thumbnail10.coupangcdn.com/thumbnails/remote/230x230ex/image/retail/images/2020/10/12/18/7/b1c0536a-cbc6-4bd2-bb61-4f7e606cecef.jpg",
    "name": "네이처스버라이어티 어덜트용 생식본능 고양이 헬스 웨이트 RBK 건식 사료, 웨이트 치킨, 4.5kg",
    "price": [
      "78,940원",
      "(100g당 1,754원)",
      "내일(토) 7/3 도착 보장",
      "내일(토) 새벽 도착 보장"
    ],
    "id": 289
  },
  {
    "link": "https://www.coupang.com/vp/products/2280811836?itemId=3917023394&vendorItemId=71901565578&sourceType=CAMPAIGN&campaignId=82&categoryId=445759",
    "image": "https://thumbnail6.coupangcdn.com/thumbnails/remote/230x230ex/image/retail/images/2020/10/19/21/4/580398a4-9b57-43dc-a7c1-3b565b4b59a1.jpg",
    "name": "닥터링크 no.34 퓨어 연어와 가금류 그레인프리 고양이 주식캔, 생선, 200g",
    "price": [
      "6,600원",
      "(100g당 3,300원)",
      "내일(토) 7/3 도착 보장",
      "내일(토) 새벽 도착 보장"
    ],
    "id": 290
  },
  {
    "link": "https://www.coupang.com/vp/products/4868313797?itemId=6322204217&vendorItemId=73617647360&sourceType=CAMPAIGN&campaignId=82&categoryId=445759",
    "image": "https://thumbnail9.coupangcdn.com/thumbnails/remote/230x230ex/image/retail/images/2021/01/25/13/4/3987daad-f748-4b7b-9588-f484fbbb4900.jpg",
    "name": "모찌네 고양이캔 츄릅 주식캔 24p, 참치 + 연어 혼합맛, 160g",
    "price": [
      "와우할인가 | 5% 18,740",
      "17,800원",
      "내일(토) 7/3 도착 보장",
      "내일(토) 새벽 도착 보장",
      "새 상품, 재포장 (2) 최저 17,800원"
    ],
    "id": 291
  },
  {
    "link": "https://www.coupang.com/vp/products/1376877208?itemId=2410386170&vendorItemId=70404902760&sourceType=CAMPAIGN&campaignId=82&categoryId=445759",
    "image": "https://thumbnail8.coupangcdn.com/thumbnails/remote/230x230ex/image/retail/images/2020/03/09/18/7/7a195889-ea4e-49ec-aaba-ce2551d8d229.jpg",
    "name": "웰니스 성묘용 헬시 인덜전스 그레이비 습식사료 12p, 닭고기와칠면조, 85g",
    "price": [
      "3% 19,850",
      "19,130원",
      "(100g당 1,875원)",
      "내일(토) 7/3 도착 보장",
      "내일(토) 새벽 도착 보장"
    ],
    "id": 292
  },
  {
    "link": "https://www.coupang.com/vp/products/2305070157?itemId=3973016828&vendorItemId=71957364229&sourceType=CAMPAIGN&campaignId=82&categoryId=445759",
    "image": "https://thumbnail8.coupangcdn.com/thumbnails/remote/230x230ex/image/retail/images/2020/10/06/22/1/97ee76aa-ae86-41ce-b52f-13f342c3e25c.jpg",
    "name": "고집츄르 고양이 간식 15p, 생선, 11g",
    "price": [
      "12,000원",
      "(100g당 7,273원)",
      "내일(토) 7/3 도착 보장",
      "내일(토) 새벽 도착 보장"
    ],
    "id": 293
  },
  {
    "link": "https://www.coupang.com/vp/products/102548595?itemId=312422554&vendorItemId=3019198742&sourceType=CAMPAIGN&campaignId=82&categoryId=445759",
    "image": "https://thumbnail8.coupangcdn.com/thumbnails/remote/230x230ex/image/product/image/vendoritem/2019/09/02/3019198742/0f698709-0eac-4c19-b97c-5f149931c2b9.jpg",
    "name": "퓨리나 원 캣 1세이상 성묘용 연어와 참치 1.5kg, 생선",
    "price": [
      "21% 16,900",
      "13,340원",
      "(100g당 889원)",
      "내일(토) 7/3 도착 보장",
      "내일(토) 새벽 도착 보장"
    ],
    "id": 294
  },
  {
    "link": "https://www.coupang.com/vp/products/100097280?itemId=305856294&vendorItemId=3754246709&sourceType=CAMPAIGN&campaignId=82&categoryId=445759",
    "image": "https://thumbnail6.coupangcdn.com/thumbnails/remote/230x230ex/image/retail/images/2018/06/08/14/3/c110277d-1808-4161-a82d-8b1ae1028c8a.jpg",
    "name": "네코 그레이비 참치 고양이 습식사료, 70g, 12개입",
    "price": [
      "13% 18,000",
      "15,600원",
      "(100g당 1,857원)",
      "내일(토) 7/3 도착 보장",
      "내일(토) 새벽 도착 보장"
    ],
    "id": 295
  },
  {
    "link": "https://www.coupang.com/vp/products/5144216724?itemId=7058958151&vendorItemId=74351169565&sourceType=CAMPAIGN&campaignId=82&categoryId=445759",
    "image": "https://thumbnail8.coupangcdn.com/thumbnails/remote/230x230ex/image/rs_quotation_api/rlexmnzm/71d75046eca446ab881e636473fa6e5b.jpg",
    "name": "ANF 전연령 그레인프리 치킨 야채 고양이 건식사료, 6.8kg, 닭",
    "price": [
      "50,120원",
      "내일(토) 7/3 도착 보장",
      "내일(토) 새벽 도착 보장"
    ],
    "id": 296
  },
  {
    "link": "https://www.coupang.com/vp/products/1703941559?itemId=2899695006&vendorItemId=70888662659&sourceType=CAMPAIGN&campaignId=82&categoryId=445759",
    "image": "https://thumbnail8.coupangcdn.com/thumbnails/remote/230x230ex/image/retail/images/2020/06/08/18/8/241559a2-1a43-4e43-98bf-c9e2ba0ac0b8.jpg",
    "name": "캣츠파인푸드 전연령용 NO.107 캥거루 고양이 주식캔 4p, 200g",
    "price": [
      "21,580원",
      "(100g당 2,698원)",
      "내일(토) 7/3 도착 보장",
      "내일(토) 새벽 도착 보장"
    ],
    "id": 297
  },
  {
    "link": "https://www.coupang.com/vp/products/9214?itemId=22239&vendorItemId=3000007297&sourceType=CAMPAIGN&campaignId=82&categoryId=445759",
    "image": "https://thumbnail10.coupangcdn.com/thumbnails/remote/230x230ex/image/retail/images/108409608012809-063312b9-7d7b-43ee-94fc-595e649bc4e9.jpg",
    "name": "펫컴 캣사랑 고양이사료, 5kg, 1개",
    "price": [
      "와우할인가 | 20% 15,740",
      "12,590원",
      "(100g당 252원)",
      "내일(토) 7/3 도착 보장",
      "내일(토) 새벽 도착 보장",
      "새 상품, 박스 훼손 (2) 최저 12,590원"
    ],
    "id": 298
  },
  {
    "link": "https://www.coupang.com/vp/products/2239774865?itemId=3825621154&vendorItemId=71810478081&sourceType=CAMPAIGN&campaignId=82&categoryId=445759",
    "image": "https://thumbnail6.coupangcdn.com/thumbnails/remote/230x230ex/image/retail/images/2020/10/14/18/6/ee372b32-b89d-4cb1-85dd-b1ac76eb6e28.jpg",
    "name": "퓨리나원 성묘용 닭고기 까다로운 입맛 주식 파우치 24p, 닭, 70g",
    "price": [
      "36,000원",
      "(100g당 2,143원)",
      "내일(토) 7/3 도착 보장",
      "내일(토) 새벽 도착 보장"
    ],
    "id": 299
  },
  {
    "link": "https://www.coupang.com/vp/products/1464444879?itemId=2518663393&vendorItemId=70511589794&sourceType=CAMPAIGN&campaignId=82&categoryId=445759",
    "image": "https://thumbnail7.coupangcdn.com/thumbnails/remote/230x230ex/image/retail/images/2020/04/14/14/8/d37072be-01c3-42a2-98ed-d7021e6a30ab.jpg",
    "name": "가이세키 제핀 글로벌 5 해피니스 고양이 사료, 생선, 220g",
    "price": [
      "9,800원",
      "(100g당 4,455원)",
      "내일(토) 7/3 도착 보장",
      "내일(토) 새벽 도착 보장"
    ],
    "id": 300
  },
  {
    "link": "https://www.coupang.com/vp/products/2160329322?itemId=3669909383&vendorItemId=71655300238&sourceType=CAMPAIGN&campaignId=82&categoryId=445759",
    "image": "https://thumbnail6.coupangcdn.com/thumbnails/remote/230x230ex/image/retail/images/2020/09/17/14/2/fe6b2d8a-e013-4bf4-9895-0e0583f4a2b8.jpg",
    "name": "테라펠리스 칠면조와 애호박 클래식 고양이 습식사료 3p, 칠면조, 100g",
    "price": [
      "12,860원",
      "(100g당 4,287원)",
      "내일(토) 7/3 도착 보장",
      "내일(토) 새벽 도착 보장"
    ],
    "id": 301
  },
  {
    "link": "https://www.coupang.com/vp/products/1251783883?itemId=2537475348&vendorItemId=70248622843&sourceType=CAMPAIGN&campaignId=82&categoryId=445759",
    "image": "https://thumbnail7.coupangcdn.com/thumbnails/remote/230x230ex/image/retail/images/2020/02/06/11/1/bd576059-3225-4cb2-a7da-b8bd9f39c5e3.jpg",
    "name": "치킨수프 클래식 어덜트 캣 닭고기와 현미 건식사료, 닭, 6.12kg",
    "price": [
      "와우할인가 | 33% 79,000",
      "52,150원",
      "(100g당 852원)",
      "내일(토) 7/3 도착 보장",
      "새 상품, 박스 훼손 (3) 최저 52,150원"
    ],
    "id": 302
  },
  {
    "link": "https://www.coupang.com/vp/products/4889921441?itemId=6372503593&vendorItemId=73667671655&sourceType=CAMPAIGN&campaignId=82&categoryId=445759",
    "image": "https://thumbnail8.coupangcdn.com/thumbnails/remote/230x230ex/image/retail/images/2021/01/28/12/9/91b138db-e221-4854-a7af-d64e237e2172.jpg",
    "name": "후레쉬믹스 전연령 고양이 건식사료, 6.35kg, 닭",
    "price": [
      "87,000원",
      "내일(토) 7/3 도착 보장",
      "내일(토) 새벽 도착 보장"
    ],
    "id": 303
  },
  {
    "link": "https://www.coupang.com/vp/products/109237519?itemId=330542628&vendorItemId=3810861482&sourceType=CAMPAIGN&campaignId=82&categoryId=445759",
    "image": "https://thumbnail9.coupangcdn.com/thumbnails/remote/230x230ex/image/retail/images/2018/07/13/11/6/697302b5-b974-4242-9077-9c68ca97cfdd.jpg",
    "name": "네이쳐스 프로텍션 안티 에이지 건식사료, 1.5kg, 1개",
    "price": [
      "23% 30,000",
      "22,950원",
      "(100g당 1,530원)",
      "내일(토) 7/3 도착 보장",
      "내일(토) 새벽 도착 보장"
    ],
    "id": 304
  },
  {
    "link": "https://www.coupang.com/vp/products/2160329415?itemId=3669909519&vendorItemId=71655300223&sourceType=CAMPAIGN&campaignId=82&categoryId=445759",
    "image": "https://thumbnail8.coupangcdn.com/thumbnails/remote/230x230ex/image/retail/images/2020/09/17/14/1/1efc5927-b281-46dd-83b6-f2144c76a43a.jpg",
    "name": "테라펠리스 칠면조와 애호박 클래식 고양이 습식사료 6p, 칠면조, 100g",
    "price": [
      "20% 25,000",
      "19,980원",
      "(100g당 3,330원)",
      "내일(토) 7/3 도착 보장",
      "내일(토) 새벽 도착 보장"
    ],
    "id": 305
  },
  {
    "link": "https://www.coupang.com/vp/products/1960440141?itemId=3331881795&vendorItemId=71318703597&sourceType=CAMPAIGN&campaignId=82&categoryId=445759",
    "image": "https://thumbnail9.coupangcdn.com/thumbnails/remote/230x230ex/image/retail/images/2020/08/06/10/6/554360e9-cba6-44db-94eb-52b468bf58c2.jpg",
    "name": "프로네이처 홀리스틱 캣 성묘용 연어 현미 건식사료, 생선, 5.44kg",
    "price": [
      "4% 62,310",
      "59,300원",
      "(100g당 1,090원)",
      "내일(토) 7/3 도착 보장",
      "내일(토) 새벽 도착 보장"
    ],
    "id": 306
  },
  {
    "link": "https://www.coupang.com/vp/products/1960517613?itemId=3332012670&vendorItemId=71318833847&sourceType=CAMPAIGN&campaignId=82&categoryId=445759",
    "image": "https://thumbnail10.coupangcdn.com/thumbnails/remote/230x230ex/image/retail/images/2020/08/12/11/1/45d3600c-1357-4a72-9e65-d3c35ac3e6f1.jpg",
    "name": "산시아 콩고 어덜트 고양이 건식사료, 소, 15kg",
    "price": [
      "59,000원",
      "(100g당 393원)",
      "내일(토) 7/3 도착 보장",
      "내일(토) 새벽 도착 보장"
    ],
    "id": 307
  },
  {
    "link": "https://www.coupang.com/vp/products/1909757807?itemId=3242643279&vendorItemId=71229828096&sourceType=CAMPAIGN&campaignId=82&categoryId=445759",
    "image": "https://thumbnail8.coupangcdn.com/thumbnails/remote/230x230ex/image/retail/images/2020/07/28/20/2/7872c04f-ac77-4c01-9ac3-263fd9c6268e.jpg",
    "name": "블루키친 블루오션 캣 화이트피쉬 앤 살몬 건식사료, 생선, 2.27kg",
    "price": [
      "40% 30,000",
      "17,990원",
      "(100g당 793원)",
      "내일(토) 7/3 도착 보장",
      "내일(토) 새벽 도착 보장"
    ],
    "id": 308
  },
  {
    "link": "https://www.coupang.com/vp/products/1414838179?itemId=2451528497&vendorItemId=70445172073&sourceType=CAMPAIGN&campaignId=82&categoryId=445759",
    "image": "https://thumbnail7.coupangcdn.com/thumbnails/remote/230x230ex/image/retail/images/2020/03/20/11/8/0124db83-519e-4d44-b7a5-f1f4f1af5029.jpg",
    "name": "카이세키 오렌지 투디쉬 가다랑어 2p, 생선, 800g",
    "price": [
      "30,090원",
      "(100g당 1,881원)",
      "내일(토) 7/3 도착 보장",
      "내일(토) 새벽 도착 보장"
    ],
    "id": 309
  },
  {
    "link": "https://www.coupang.com/vp/products/42856379?itemId=155270408&vendorItemId=3363618567&sourceType=CAMPAIGN&campaignId=82&categoryId=445759",
    "image": "https://thumbnail9.coupangcdn.com/thumbnails/remote/230x230ex/image/retail/images/2017/10/25/10/5/1db18c5f-23c3-4c11-b86d-74c3766b1770.jpg",
    "name": "인스팅트 생식본능 LID칠면조고기 캣 키블 고양이 건식사료, 5kg, 1개",
    "price": [
      "26% 95,000",
      "69,630원",
      "(100g당 1,393원)",
      "내일(토) 7/3 도착 보장",
      "내일(토) 새벽 도착 보장"
    ],
    "id": 310
  },
  {
    "link": "https://www.coupang.com/vp/products/1909732091?itemId=3242606607&vendorItemId=71229791955&sourceType=CAMPAIGN&campaignId=82&categoryId=445759",
    "image": "https://thumbnail9.coupangcdn.com/thumbnails/remote/230x230ex/image/retail/images/2020/07/30/21/0/40f0005d-74c7-4480-80f4-4a25a02afa69.jpg",
    "name": "나비랑플러스 소분포장 고양이 사료 20p, 닭, 500g",
    "price": [
      "6% 19,800",
      "18,420원",
      "(100g당 184원)",
      "내일(토) 7/3 도착 보장",
      "내일(토) 새벽 도착 보장"
    ],
    "id": 311
  },
  {
    "link": "https://www.coupang.com/vp/products/1473433255?itemId=2532467408&vendorItemId=70525220264&sourceType=CAMPAIGN&campaignId=82&categoryId=445759",
    "image": "https://thumbnail10.coupangcdn.com/thumbnails/remote/230x230ex/image/retail/images/2020/04/08/16/5/6fd55ddd-8035-4245-a488-f81df0e34908.jpg",
    "name": "질캐나다 에어드라이 프리미엄 고양이 사료, 연어 + 칠면조, 400g",
    "price": [
      "34,000원",
      "(100g당 8,500원)",
      "내일(토) 7/3 도착 보장",
      "내일(토) 새벽 도착 보장"
    ],
    "id": 312
  },
  {
    "link": "https://www.coupang.com/vp/products/5117460784?itemId=6990520963&vendorItemId=74282819968&sourceType=CAMPAIGN&campaignId=82&categoryId=445759",
    "image": "https://thumbnail8.coupangcdn.com/thumbnails/remote/230x230ex/image/rs_quotation_api/7u2tutq5/a0737646c0fa462fb95c335a69dafbae.jpg",
    "name": "벤티 고양이 그레인프리 요로 염증 관리 사료, 5kg, 닭",
    "price": [
      "36% 58,000",
      "37,000원",
      "내일(토) 7/3 도착 보장",
      "내일(토) 새벽 도착 보장"
    ],
    "id": 313
  },
  {
    "link": "https://www.coupang.com/vp/products/1704606715?itemId=2900798909&vendorItemId=70889770370&sourceType=CAMPAIGN&campaignId=82&categoryId=445759",
    "image": "https://thumbnail7.coupangcdn.com/thumbnails/remote/230x230ex/image/retail/images/2020/06/11/18/1/a30e459d-657f-42e8-86fa-6c1359ccff6b.jpg",
    "name": "캣츠파인푸드 NO 413 필렛 닭고기와 참치 주식캔 12p, 닭, 85g",
    "price": [
      "48,600원",
      "(100g당 4,765원)",
      "내일(토) 7/3 도착 보장",
      "내일(토) 새벽 도착 보장"
    ],
    "id": 314
  },
  {
    "link": "https://www.coupang.com/vp/products/194073998?itemId=556202036&vendorItemId=4461511029&sourceType=CAMPAIGN&campaignId=82&categoryId=445759",
    "image": "https://thumbnail8.coupangcdn.com/thumbnails/remote/230x230ex/image/product/image/vendoritem/2019/09/02/4461511029/0c7a3546-af22-4024-90d2-101ff9988b71.jpg",
    "name": "퓨리나 원 캣 인도어 건식사료, 1.5kg, 1개",
    "price": [
      "30% 16,900",
      "11,800원",
      "(100g당 787원)",
      "내일(토) 7/3 도착 보장"
    ],
    "id": 315
  },
  {
    "link": "https://www.coupang.com/vp/products/2280811917?itemId=3917023543&vendorItemId=71901565758&sourceType=CAMPAIGN&campaignId=82&categoryId=445759",
    "image": "https://thumbnail9.coupangcdn.com/thumbnails/remote/230x230ex/image/retail/images/2020/10/19/21/5/b3a238be-a12b-4510-bad8-ac89d747eb48.jpg",
    "name": "닥터링크 no.35 퓨어센서티브 그레인프리 칠면조 고양이 주식캔, 200g",
    "price": [
      "8,180원",
      "(100g당 4,090원)",
      "내일(토) 7/3 도착 보장",
      "내일(토) 새벽 도착 보장",
      "새 상품, 중고 (2) 최저 7,280원"
    ],
    "id": 316
  },
  {
    "link": "https://www.coupang.com/vp/products/1703941593?itemId=2899695077&vendorItemId=70888662711&sourceType=CAMPAIGN&campaignId=82&categoryId=445759",
    "image": "https://thumbnail9.coupangcdn.com/thumbnails/remote/230x230ex/image/retail/images/2020/06/08/18/3/bf72145a-95d6-4589-8fd9-8764f05bdd4d.jpg",
    "name": "캣츠파인푸드 전연령용 NO.15 닭고기와 꿩고기 고양이 주식캔 4p, 닭, 200g",
    "price": [
      "17,450원",
      "(100g당 2,181원)",
      "내일(토) 7/3 도착 보장",
      "내일(토) 새벽 도착 보장"
    ],
    "id": 317
  },
  {
    "link": "https://www.coupang.com/vp/products/1476938849?itemId=2537913276&vendorItemId=70530735714&sourceType=CAMPAIGN&campaignId=82&categoryId=445759",
    "image": "https://thumbnail7.coupangcdn.com/thumbnails/remote/230x230ex/image/retail/images/2020/04/09/16/4/ee9383cc-ac87-402b-96c8-2e7ea90cc821.jpg",
    "name": "보레알 어덜트 펑셔널 캣 인도어 건식사료, 닭, 2.26kg",
    "price": [
      "19% 33,250",
      "26,870원",
      "(100g당 1,189원)",
      "내일(토) 7/3 도착 보장",
      "내일(토) 새벽 도착 보장"
    ],
    "id": 318
  },
  {
    "link": "https://www.coupang.com/vp/products/1739025835?itemId=2960751586&vendorItemId=70949227956&sourceType=CAMPAIGN&campaignId=82&categoryId=445759",
    "image": "https://thumbnail8.coupangcdn.com/thumbnails/remote/230x230ex/image/retail/images/2020/06/18/11/0/c7abc9d1-3d71-4b03-aaa4-e136f0d0f789.jpg",
    "name": "퍼시캣 3개월이상 슈퍼프리미엄 고양이 주식캔 24p, 치킨 앤 닭간 포뮬라, 80g",
    "price": [
      "64,800원",
      "(100g당 3,375원)",
      "내일(토) 7/3 도착 보장",
      "내일(토) 새벽 도착 보장"
    ],
    "id": 319
  },
  {
    "link": "https://www.coupang.com/vp/products/1123844001?itemId=2089828990&vendorItemId=70088791007&sourceType=CAMPAIGN&campaignId=82&categoryId=445759",
    "image": "https://thumbnail7.coupangcdn.com/thumbnails/remote/230x230ex/image/retail/images/94913801820051-d34adc95-5ec3-46ed-ae8a-1cd62a32fd96.jpg",
    "name": "내추럴발란스 드라이 캣 포뮬라 LID 완두&닭고기, 닭, 2.04kg",
    "price": [
      "34,000원",
      "(100g당 1,667원)",
      "내일(토) 7/3 도착 보장",
      "새 상품, 박스 훼손 (2) 최저 32,980원"
    ],
    "id": 320
  },
  {
    "link": "https://www.coupang.com/vp/products/175631461?itemId=502268404&vendorItemId=4282040805&sourceType=CAMPAIGN&campaignId=82&categoryId=445759",
    "image": "https://thumbnail6.coupangcdn.com/thumbnails/remote/230x230ex/image/retail/images/2019/01/10/13/0/b733771e-2662-44d2-a7ea-084065985277.jpg",
    "name": "1004 캣츠온 와인 고양이사료, 17kg, 1개",
    "price": [
      "26,800원",
      "(100g당 158원)",
      "내일(토) 7/3 도착 보장",
      "내일(토) 새벽 도착 보장"
    ],
    "id": 321
  },
  {
    "link": "https://www.coupang.com/vp/products/2154575152?itemId=3659505690&vendorItemId=71644942085&sourceType=CAMPAIGN&campaignId=82&categoryId=445759",
    "image": "https://thumbnail7.coupangcdn.com/thumbnails/remote/230x230ex/image/retail/images/65129156038543-583eb2d0-1cff-4d02-96ba-f6aee0c8b342.jpg",
    "name": "컴플리트라이프 전연령 고양이 건식사료 캥거루, 1kg",
    "price": [
      "21,500원",
      "(100g당 2,150원)",
      "내일(토) 7/3 도착 보장",
      "내일(토) 새벽 도착 보장"
    ],
    "id": 322
  },
  {
    "link": "https://www.coupang.com/vp/products/303701426?itemId=955406685&vendorItemId=5352577695&sourceType=CAMPAIGN&campaignId=82&categoryId=445759",
    "image": "https://thumbnail6.coupangcdn.com/thumbnails/remote/230x230ex/image/retail/images/2019/09/19/13/6/33abcc82-c61f-488f-b7b7-454782dc40ce.jpg",
    "name": "네코 골드 닭가슴살 야채 고양이 사료, 85g, 12개",
    "price": [
      "16,800원",
      "(100g당 1,647원)",
      "내일(토) 7/3 도착 보장",
      "내일(토) 새벽 도착 보장"
    ],
    "id": 323
  },
  {
    "link": "https://www.coupang.com/vp/products/1620477237?itemId=2765317637&vendorItemId=70755187627&sourceType=CAMPAIGN&campaignId=82&categoryId=445759",
    "image": "https://thumbnail7.coupangcdn.com/thumbnails/remote/230x230ex/image/retail/images/2020/05/19/20/4/4314f45d-e124-460a-b8f7-b38ab9b1bc20.jpg",
    "name": "아이디얼레시피 어덜트용 캣 인도어 그레인프리 사료, 고구마, 1kg",
    "price": [
      "8,330원",
      "(100g당 833원)",
      "내일(토) 7/3 도착 보장",
      "내일(토) 새벽 도착 보장"
    ],
    "id": 324
  },
  {
    "link": "https://www.coupang.com/vp/products/1431701292?itemId=2472823112&vendorItemId=70466208563&sourceType=CAMPAIGN&campaignId=82&categoryId=445759",
    "image": "https://thumbnail6.coupangcdn.com/thumbnails/remote/230x230ex/image/retail/images/2020/03/25/12/8/14ebbdff-68fc-48c1-b38a-2ad058e88ec6.jpg",
    "name": "웰니스 어덜트용 컴플리트 헬스 그레인프리 치킨캣 고양이 사료, 닭고기, 5.2kg",
    "price": [
      "64,600원",
      "(100g당 1,242원)",
      "내일(토) 7/3 도착 보장",
      "내일(토) 새벽 도착 보장",
      "새 상품, 박스 훼손 (2) 최저 62,010원"
    ],
    "id": 325
  },
  {
    "link": "https://www.coupang.com/vp/products/303701423?itemId=955406672&vendorItemId=5352577673&sourceType=CAMPAIGN&campaignId=82&categoryId=445759",
    "image": "https://thumbnail6.coupangcdn.com/thumbnails/remote/230x230ex/image/retail/images/2019/09/19/13/7/a4f9c061-6765-45c8-9c64-e1cac3316c48.jpg",
    "name": "네코 참치 토핑 치즈 고양이 사료, 70g, 12개",
    "price": [
      "4% 14,100",
      "13,500원",
      "(100g당 1,607원)",
      "내일(토) 7/3 도착 보장",
      "내일(토) 새벽 도착 보장"
    ],
    "id": 326
  },
  {
    "link": "https://www.coupang.com/vp/products/4328430463?itemId=5048850742&vendorItemId=72358581917&sourceType=CAMPAIGN&campaignId=82&categoryId=445759",
    "image": "https://thumbnail7.coupangcdn.com/thumbnails/remote/230x230ex/image/retail/images/95910889850183-f4b8c149-03fd-4447-b905-1394f9641a98.jpg",
    "name": "인터펫코리아 2개월 이후 네이스트 오브 더 와일드 고양이 사료 송어 앤 훈제연어, 생선, 6.6kg",
    "price": [
      "10% 104,000",
      "93,600원",
      "내일(토) 7/3 도착 보장",
      "내일(토) 새벽 도착 보장"
    ],
    "id": 327
  },
  {
    "link": "https://www.coupang.com/vp/products/2359644829?itemId=4095699598&vendorItemId=72079676959&sourceType=CAMPAIGN&campaignId=82&categoryId=445759",
    "image": "https://thumbnail9.coupangcdn.com/thumbnails/remote/230x230ex/image/retail/images/2020/10/22/14/8/8bc08451-275f-44c9-84e8-5298a96d726c.jpg",
    "name": "아르테미스 생후 3개월 이상 / 노령묘 HIT 다이어트 고양이 건식사료, 연어 + 스노우크랩, 4.53kg",
    "price": [
      "62,000원",
      "(100g당 1,369원)",
      "내일(토) 7/3 도착 보장"
    ],
    "id": 328
  },
  {
    "link": "https://www.coupang.com/vp/products/2261519325?itemId=3875732003&vendorItemId=71860401708&sourceType=CAMPAIGN&campaignId=82&categoryId=445759",
    "image": "https://thumbnail8.coupangcdn.com/thumbnails/remote/230x230ex/image/retail/images/2020/10/19/10/1/64083f71-df89-41c6-a6dd-b87ec3b2e4e8.jpg",
    "name": "모찌네 전연령용 고양이 건식사료, 닭, 15kg",
    "price": [
      "와우할인가 | 5% 33,030",
      "31,210원",
      "(100g당 208원)",
      "내일(토) 7/3 도착 보장"
    ],
    "id": 329
  },
  {
    "link": "https://www.coupang.com/vp/products/2239322026?itemId=3824783172&vendorItemId=71809648672&sourceType=CAMPAIGN&campaignId=82&categoryId=445759",
    "image": "https://thumbnail9.coupangcdn.com/thumbnails/remote/230x230ex/image/retail/images/2020/09/22/11/2/c0b5d940-bf1e-4dcf-bc18-c4ea5f410889.jpg",
    "name": "컴플리트라이프 전연령용 캥거루 벳츠 올 내추럴 고양이 건식사료, 4kg",
    "price": [
      "74,000원",
      "(100g당 1,850원)",
      "내일(토) 7/3 도착 보장",
      "내일(토) 새벽 도착 보장"
    ],
    "id": 330
  },
  {
    "link": "https://www.coupang.com/vp/products/100094693?itemId=305847174&vendorItemId=3754223627&sourceType=CAMPAIGN&campaignId=82&categoryId=445759",
    "image": "https://thumbnail9.coupangcdn.com/thumbnails/remote/230x230ex/image/retail/images/2018/06/12/11/3/46d11ea3-e17a-4eae-99fc-a0e5c0bdeefa.jpg",
    "name": "네코 그레이비 참치 토핑 도미 고양이 습식사료, 70g, 12개입",
    "price": [
      "13% 18,000",
      "15,600원",
      "(100g당 1,857원)",
      "내일(토) 7/3 도착 보장",
      "내일(토) 새벽 도착 보장"
    ],
    "id": 331
  },
  {
    "link": "https://www.coupang.com/vp/products/1704617959?itemId=2900817631&vendorItemId=70889770285&sourceType=CAMPAIGN&campaignId=82&categoryId=445759",
    "image": "https://thumbnail7.coupangcdn.com/thumbnails/remote/230x230ex/image/retail/images/2020/06/11/18/5/685b33bf-ba8a-4034-b9aa-1cf1fcd271b5.jpg",
    "name": "캣츠파인푸드 NO 25 닭고기와 참치 주식파우치 16p, 닭 + 참치, 85g",
    "price": [
      "51,840원",
      "(100g당 3,812원)",
      "내일(토) 7/3 도착 보장",
      "내일(토) 새벽 도착 보장"
    ],
    "id": 332
  },
  {
    "link": "https://www.coupang.com/vp/products/1649724082?itemId=2810795865&vendorItemId=70800346879&sourceType=CAMPAIGN&campaignId=82&categoryId=445759",
    "image": "https://thumbnail7.coupangcdn.com/thumbnails/remote/230x230ex/image/retail/images/2020/05/27/12/9/abf51b4c-6ed0-4aa5-8ba8-5e08a8e60402.jpg",
    "name": "캣츠파인푸드 NO 107 고양이 주식캔 6p, 퓨레 + 캥거루 혼합맛, 200g",
    "price": [
      "3% 31,140",
      "30,120원",
      "(100g당 2,510원)",
      "내일(토) 7/3 도착 보장",
      "내일(토) 새벽 도착 보장"
    ],
    "id": 333
  },
  {
    "link": "https://www.coupang.com/vp/products/191490852?itemId=547340581&vendorItemId=4436066979&sourceType=CAMPAIGN&campaignId=82&categoryId=445759",
    "image": "https://thumbnail6.coupangcdn.com/thumbnails/remote/230x230ex/image/retail/images/2019/02/27/10/5/79190636-6595-451b-8e11-4a65d9c3661b.jpg",
    "name": "레오나르도 홀리스틱 고양이 사료 연어, 1.8kg, 1개",
    "price": [
      "와우할인가 | 28% 53,000",
      "37,710원",
      "(100g당 2,095원)",
      "내일(토) 7/3 도착 보장",
      "내일(토) 새벽 도착 보장"
    ],
    "id": 334
  },
  {
    "link": "https://www.coupang.com/vp/products/100097287?itemId=305856336&vendorItemId=3754246733&sourceType=CAMPAIGN&campaignId=82&categoryId=445759",
    "image": "https://thumbnail6.coupangcdn.com/thumbnails/remote/230x230ex/image/retail/images/2018/06/08/14/9/9df0979b-3c4b-413a-bff2-0dbc72d87682.jpg",
    "name": "네코 그레이비 참치 토핑 연어 고양이 습식사료, 70g, 12개입",
    "price": [
      "13% 18,000",
      "15,600원",
      "(100g당 1,857원)",
      "내일(토) 7/3 도착 보장",
      "내일(토) 새벽 도착 보장"
    ],
    "id": 335
  },
  {
    "link": "https://www.coupang.com/vp/products/5620174547?itemId=9108155596&vendorItemId=76395023765&sourceType=CAMPAIGN&campaignId=82&categoryId=445759",
    "image": "https://thumbnail6.coupangcdn.com/thumbnails/remote/230x230ex/image/rs_quotation_api/m8dbmgmb/bb3ff45a318c4870a3b6fb47bac59f9f.jpg",
    "name": "고양이 미각젤리캔 습식간식 참치와 도미 40p, 생선, 25g",
    "price": [
      "와우할인가 | 8% 15,800",
      "14,440원",
      "내일(토) 7/3 도착 보장",
      "내일(토) 새벽 도착 보장"
    ],
    "id": 336
  },
  {
    "link": "https://www.coupang.com/vp/products/2046258801?itemId=3478769255&vendorItemId=75821121001&sourceType=CAMPAIGN&campaignId=82&categoryId=445759",
    "image": "https://thumbnail9.coupangcdn.com/thumbnails/remote/230x230ex/image/retail/images/2021/05/12/14/9/9d49b42e-8438-43ae-bd3c-0776de3c449f.jpg",
    "name": "husse 고양이 건식사료",
    "price": [
      "88,500원",
      "내일(토) 7/3 도착 보장",
      "내일(토) 새벽 도착 보장"
    ],
    "id": 337
  },
  {
    "link": "https://www.coupang.com/vp/products/4962644952?itemId=6575777369&vendorItemId=73869803948&sourceType=CAMPAIGN&campaignId=82&categoryId=445759",
    "image": "https://thumbnail6.coupangcdn.com/thumbnails/remote/230x230ex/image/retail/images/2021/02/08/11/4/887ffce4-f679-4406-9292-cbaed6531073.jpg",
    "name": "뉴트리언스 어덜트 인퓨전 헬씨 웨이트 캣 동결 건조 사료, 닭, 5kg",
    "price": [
      "11% 38,500",
      "34,000원",
      "내일(토) 7/3 도착 보장",
      "내일(토) 새벽 도착 보장"
    ],
    "id": 338
  },
  {
    "link": "https://www.coupang.com/vp/products/4327707172?itemId=5046349769&vendorItemId=72355961503&sourceType=CAMPAIGN&campaignId=82&categoryId=445759",
    "image": "https://thumbnail9.coupangcdn.com/thumbnails/remote/230x230ex/image/rs_quotation_api/8578/7b22685cc8e6e4ed80c43828344f98485aeafa45ac0062dd7f948d171410.png",
    "name": "해피캣 어덜트용 고양이 엔테 건식사료 6p, 오리, 300g",
    "price": [
      "와우할인가 | 20% 39,000",
      "31,200원",
      "내일(토) 7/3 도착 보장",
      "내일(토) 새벽 도착 보장"
    ],
    "id": 339
  },
  {
    "link": "https://www.coupang.com/vp/products/2228614431?itemId=3802002467&vendorItemId=71786972255&sourceType=CAMPAIGN&campaignId=82&categoryId=445759",
    "image": "https://thumbnail10.coupangcdn.com/thumbnails/remote/230x230ex/image/retail/images/2020/10/12/18/7/1c4f67c0-d892-44fa-be09-53b88167c5e7.jpg",
    "name": "네이처스버라이어티 어덜트용 생식본능 고양이 LID 건식 사료, 생선, 2kg",
    "price": [
      "50,400원",
      "(100g당 2,520원)",
      "내일(토) 7/3 도착 보장",
      "내일(토) 새벽 도착 보장"
    ],
    "id": 340
  },
  {
    "link": "https://www.coupang.com/vp/products/2380057276?itemId=4151087801&vendorItemId=71587428853&sourceType=CAMPAIGN&campaignId=82&categoryId=445759",
    "image": "https://thumbnail8.coupangcdn.com/thumbnails/remote/230x230ex/image/retail/images/2020/09/09/13/1/2aa3b768-3d3e-4d8e-b298-fd488d6492bd.jpg",
    "name": "아르테미스 전연령용 히트 연어 앤 스노우크랩 포뮬라 고양이 사료, 생선, 2.72kg",
    "price": [
      "6% 47,000",
      "43,800원",
      "내일(토) 7/3 도착 보장",
      "내일(토) 새벽 도착 보장"
    ],
    "id": 341
  },
  {
    "link": "https://www.coupang.com/vp/products/1894829327?itemId=3219108337&vendorItemId=71206390047&sourceType=CAMPAIGN&campaignId=82&categoryId=445759",
    "image": "https://thumbnail6.coupangcdn.com/thumbnails/remote/230x230ex/image/retail/images/2020/07/22/14/9/01f54760-0cd2-4964-987c-85bec8fcd856.jpg",
    "name": "퍼스트초이스 어덜트용 고양이 하이퍼알러지 건식사료, 오리, 5.44kg",
    "price": [
      "1% 47,520",
      "47,000원",
      "(100g당 864원)",
      "내일(토) 7/3 도착 보장",
      "내일(토) 새벽 도착 보장"
    ],
    "id": 342
  },
  {
    "link": "https://www.coupang.com/vp/products/1414838194?itemId=2451528509&vendorItemId=70445172082&sourceType=CAMPAIGN&campaignId=82&categoryId=445759",
    "image": "https://thumbnail10.coupangcdn.com/thumbnails/remote/230x230ex/image/retail/images/2020/03/20/11/1/ae75ab85-f4af-4023-8ded-0275d82be067.jpg",
    "name": "카이세키 핑크 투디쉬 마구로 2p, 생선, 800g",
    "price": [
      "30,090원",
      "(100g당 1,881원)",
      "내일(토) 7/3 도착 보장",
      "내일(토) 새벽 도착 보장"
    ],
    "id": 343
  },
  {
    "link": "https://www.coupang.com/vp/products/1257338?itemId=6689735&vendorItemId=3011517501&sourceType=CAMPAIGN&campaignId=82&categoryId=445759",
    "image": "https://thumbnail8.coupangcdn.com/thumbnails/remote/230x230ex/image/product/image/vendoritem/2016/05/09/3011517501/740f7b05-013c-451a-885c-277ae78459e7.jpg",
    "name": "캣츠아이 키튼앤캣 헤어볼 전연령용 고양이 사료, 13.5kg, 1개",
    "price": [
      "20% 33,000",
      "26,310원",
      "(100g당 195원)",
      "내일(토) 7/3 도착 보장",
      "내일(토) 새벽 도착 보장"
    ],
    "id": 344
  },
  {
    "link": "https://www.coupang.com/vp/products/95323?itemId=186673&vendorItemId=3000106397&sourceType=CAMPAIGN&campaignId=82&categoryId=445759",
    "image": "https://thumbnail10.coupangcdn.com/thumbnails/remote/230x230ex/image/product/image/vendoritem/2019/02/18/3000106397/a83bc8f8-e39f-4019-9536-db665d4b2261.jpg",
    "name": "트로벳 Hepatic 고양이 사료, 500g, 1개",
    "price": [
      "와우할인가 | 16% 13,000",
      "10,800원",
      "(100g당 2,160원)",
      "내일(토) 7/3 도착 보장",
      "내일(토) 새벽 도착 보장"
    ],
    "id": 345
  },
  {
    "link": "https://www.coupang.com/vp/products/193632?itemId=355127&vendorItemId=3000261778&sourceType=CAMPAIGN&campaignId=82&categoryId=445759",
    "image": "https://thumbnail10.coupangcdn.com/thumbnails/remote/230x230ex/image/product/image/vendoritem/2015/04/29/3000261778/a795c08f-cda9-4e1e-bbd4-4c43bd4e6b1d.JPG",
    "name": "올가밀 캣35 고양이 사료 씨푸드&연어, 6.5kg, 1개",
    "price": [
      "와우할인가 | 41% 69,000",
      "40,370원",
      "(100g당 621원)",
      "내일(토) 7/3 도착 보장",
      "내일(토) 새벽 도착 보장"
    ],
    "id": 346
  },
  {
    "link": "https://www.coupang.com/vp/products/2046260374?itemId=3478771941&vendorItemId=76683104723&sourceType=CAMPAIGN&campaignId=82&categoryId=445759",
    "image": "https://thumbnail10.coupangcdn.com/thumbnails/remote/230x230ex/image/rs_quotation_api/wp12bnre/3c77786f788540fc9685b68a192ff6af.png",
    "name": "husse 고양이 건식사료",
    "price": [
      "78,500원",
      "내일(토) 7/3 도착 보장",
      "내일(토) 새벽 도착 보장"
    ],
    "id": 347
  },
  {
    "link": "https://www.coupang.com/vp/products/5620174381?itemId=9108154698&vendorItemId=76395022135&sourceType=CAMPAIGN&campaignId=82&categoryId=445759",
    "image": "https://thumbnail7.coupangcdn.com/thumbnails/remote/230x230ex/image/rs_quotation_api/yghfzc3v/28c4502babf44dedb1f7a502bbe18531.jpg",
    "name": "고양이 미각젤리캔 습식간식 참치와 닭가슴살 40p, 생선, 25g",
    "price": [
      "와우할인가 | 5% 15,200",
      "14,440원",
      "내일(토) 7/3 도착 보장",
      "내일(토) 새벽 도착 보장"
    ],
    "id": 348
  },
  {
    "link": "https://www.coupang.com/vp/products/5620174304?itemId=9108154425&vendorItemId=76395021493&sourceType=CAMPAIGN&campaignId=82&categoryId=445759",
    "image": "https://thumbnail8.coupangcdn.com/thumbnails/remote/230x230ex/image/rs_quotation_api/gscz0afi/1efea9b742f44032b30f391f0468d711.jpg",
    "name": "고양이 미각젤리캔 습식간식 참치와 새우 40p, 생선, 25g",
    "price": [
      "와우할인가 | 6% 15,800",
      "14,710원",
      "내일(토) 7/3 도착 보장",
      "내일(토) 새벽 도착 보장"
    ],
    "id": 349
  },
  {
    "link": "https://www.coupang.com/vp/products/5342174001?itemId=7834314780&vendorItemId=75124091238&sourceType=CAMPAIGN&campaignId=82&categoryId=445759",
    "image": "https://thumbnail6.coupangcdn.com/thumbnails/remote/230x230ex/image/retail/images/2021/04/13/17/6/16e86d2a-bf8c-442b-a19c-9cb14de699a5.jpg",
    "name": "베루스 페라인 라이프 어드밴티지 고양이 건식사료, 닭, 5.4kg",
    "price": [
      "52,430원",
      "내일(토) 7/3 도착 보장",
      "내일(토) 새벽 도착 보장"
    ],
    "id": 350
  },
  {
    "link": "https://www.coupang.com/vp/products/4963646198?itemId=6578079218&vendorItemId=73872090464&sourceType=CAMPAIGN&campaignId=82&categoryId=445759",
    "image": "https://thumbnail9.coupangcdn.com/thumbnails/remote/230x230ex/image/rs_quotation_api/3zudnrej/57374927b8864b01b3d60a71f211538e.jpg",
    "name": "뉴트리언스 고양이 어덜트용 인퓨전 헬씨 웨이트 건식사료, 닭, 2.27kg",
    "price": [
      "22,690원",
      "내일(토) 7/3 도착 보장",
      "내일(토) 새벽 도착 보장"
    ],
    "id": 351
  },
  {
    "link": "https://www.coupang.com/vp/products/1894829169?itemId=3219108087&vendorItemId=71206389762&sourceType=CAMPAIGN&campaignId=82&categoryId=445759",
    "image": "https://thumbnail9.coupangcdn.com/thumbnails/remote/230x230ex/image/retail/images/2020/07/22/14/0/c7a91ddd-dc1c-4477-835f-85c574ae3218.jpg",
    "name": "퍼스트초이스 시니어용 고양이 건식사료, 닭, 2.72kg",
    "price": [
      "25,000원",
      "(100g당 919원)",
      "내일(토) 7/3 도착 보장",
      "내일(토) 새벽 도착 보장",
      "새 상품, 박스 훼손 (5) 최저 24,000원"
    ],
    "id": 352
  },
  {
    "link": "https://www.coupang.com/vp/products/1713329277?itemId=2915764377&vendorItemId=70904442839&sourceType=CAMPAIGN&campaignId=82&categoryId=445759",
    "image": "https://thumbnail6.coupangcdn.com/thumbnails/remote/230x230ex/image/retail/images/2020/06/16/18/0/23f5825e-74e1-4e5d-9b8e-fa04ba926534.jpg",
    "name": "캣츠파인푸드 NO 03 고양이 주식캔 6p, 가금류, 400g",
    "price": [
      "44,450원",
      "(100g당 1,852원)",
      "내일(토) 7/3 도착 보장",
      "내일(토) 새벽 도착 보장",
      "새 상품, 중고 (2) 최저 39,150원"
    ],
    "id": 353
  },
  {
    "link": "https://www.coupang.com/vp/products/1704609300?itemId=2900803227&vendorItemId=70889771471&sourceType=CAMPAIGN&campaignId=82&categoryId=445759",
    "image": "https://thumbnail9.coupangcdn.com/thumbnails/remote/230x230ex/image/retail/images/2020/06/11/18/6/9054fcb3-80f4-4a57-808a-21d6965e6615.jpg",
    "name": "캣츠파인푸드 NO 15 닭고기와 꿩고기 주식파우치 16p, 닭 + 꿩, 85g",
    "price": [
      "51,840원",
      "(100g당 3,812원)",
      "내일(토) 7/3 도착 보장",
      "내일(토) 새벽 도착 보장"
    ],
    "id": 354
  },
  {
    "link": "https://www.coupang.com/vp/products/1704628751?itemId=2900834095&vendorItemId=70889770253&sourceType=CAMPAIGN&campaignId=82&categoryId=445759",
    "image": "https://thumbnail6.coupangcdn.com/thumbnails/remote/230x230ex/image/retail/images/2020/06/11/18/1/fdc2400f-26d2-4920-a79a-f6e9f79cfdff.jpg",
    "name": "캣츠파인푸드 NO 17 가금류와 새우 주식캔 4p, 가금류 + 새우, 200g",
    "price": [
      "17,450원",
      "(100g당 2,181원)",
      "내일(토) 7/3 도착 보장",
      "내일(토) 새벽 도착 보장",
      "새 상품, 중고 (2) 최저 15,700원"
    ],
    "id": 355
  },
  {
    "link": "https://www.coupang.com/vp/products/1432470823?itemId=2474047245&vendorItemId=70467415970&sourceType=CAMPAIGN&campaignId=82&categoryId=445759",
    "image": "https://thumbnail6.coupangcdn.com/thumbnails/remote/230x230ex/image/retail/images/2020/04/03/15/4/eae07e51-38f6-4d59-b5a8-2162a231684f.jpg",
    "name": "보나시보 어덜트 고양이 건식 사료, 램 + 라이스, 5kg",
    "price": [
      "32,170원",
      "(100g당 643원)",
      "내일(토) 7/3 도착 보장"
    ],
    "id": 356
  },
  {
    "link": "https://www.coupang.com/vp/products/4963645717?itemId=6578078509&vendorItemId=73872089174&sourceType=CAMPAIGN&campaignId=82&categoryId=445759",
    "image": "https://thumbnail8.coupangcdn.com/thumbnails/remote/230x230ex/image/rs_quotation_api/xdkmxswu/961ab4d5c1a14120a77ff7c546053bf0.jpg",
    "name": "뉴트리언스 고양이 자묘용 인퓨전 헬씨 키튼 건식사료, 닭, 2.27kg",
    "price": [
      "19,900원",
      "일시품절"
    ],
    "id": 357
  },
  {
    "link": "https://www.coupang.com/vp/products/1920997124?itemId=3261589868&vendorItemId=71248640702&sourceType=CAMPAIGN&campaignId=82&categoryId=445759",
    "image": "https://thumbnail9.coupangcdn.com/thumbnails/remote/230x230ex/image/retail/images/2020/08/05/17/7/f424014d-651f-485a-a91c-912f836e0b84.jpg",
    "name": "보스케스 푸딩 컵 캔 고양이 습식사료 24p, 생선, 25g",
    "price": [
      "11,740원",
      "(100g당 1,957원)",
      "일시품절"
    ],
    "id": 358
  },
  {
    "link": "https://www.coupang.com/vp/products/2239774883?itemId=3825621185&vendorItemId=71810478104&sourceType=CAMPAIGN&campaignId=82&categoryId=445759",
    "image": "https://thumbnail10.coupangcdn.com/thumbnails/remote/230x230ex/image/retail/images/2020/10/14/18/9/dba760ea-bed1-4bb6-973f-037232cfc292.jpg",
    "name": "퓨리나원 성묘용 헤어볼 관리 주식 파우치 24p, 닭, 70g",
    "price": [
      "3% 37,260",
      "36,000원",
      "(100g당 2,143원)",
      "일시품절"
    ],
    "id": 359
  },
  {
    "link": "https://www.coupang.com/vp/products/29584965?itemId=113174377&vendorItemId=3223117809&sourceType=CAMPAIGN&campaignId=82&categoryId=445759",
    "image": "https://thumbnail7.coupangcdn.com/thumbnails/remote/230x230ex/image/retail/images/2017/08/01/17/5/7ca60707-a3f7-437e-b9db-942294fab202.jpg",
    "name": "캣츠미어 고양이캔, 참치 + 치킨토핑 혼합맛, 24개입",
    "price": [
      "와우할인가 | 5% 23,930",
      "22,730원",
      "(10g당 56원)",
      "내일(토) 7/3 도착 보장",
      "내일(토) 새벽 도착 보장"
    ],
    "id": 360
  },
  {
    "link": "https://www.coupang.com/vp/products/822283?itemId=3225634&vendorItemId=3001247965&sourceType=CAMPAIGN&campaignId=82&categoryId=445759",
    "image": "https://thumbnail6.coupangcdn.com/thumbnails/remote/230x230ex/image/product/image/vendoritem/2016/05/09/3001247965/4f9b232e-c94c-4311-b75b-beec41128988.jpg",
    "name": "뉴-MeO 시푸드 고양이 건식사료, 7kg, 1개",
    "price": [
      "와우할인가 | 44% 52,000",
      "28,640원",
      "(100g당 409원)",
      "내일(토) 7/3 도착 보장",
      "내일(토) 새벽 도착 보장"
    ],
    "id": 361
  },
  {
    "link": "https://www.coupang.com/vp/products/5100491260?itemId=6947863994&vendorItemId=74240405486&sourceType=CAMPAIGN&campaignId=82&categoryId=445759",
    "image": "https://thumbnail8.coupangcdn.com/thumbnails/remote/230x230ex/image/retail/images/2021/03/02/11/0/daab13b1-dcf0-42f1-804b-5775eeea52d5.jpg",
    "name": "벤티 전 연령용 그레인프리 요로 염증 관리 건식사료, 1.5kg, 닭",
    "price": [
      "13,000원",
      "내일(토) 7/3 도착 보장",
      "내일(토) 새벽 도착 보장"
    ],
    "id": 362
  },
  {
    "link": "https://www.coupang.com/vp/products/1649724084?itemId=2810795868&vendorItemId=70800346873&sourceType=CAMPAIGN&campaignId=82&categoryId=445759",
    "image": "https://thumbnail6.coupangcdn.com/thumbnails/remote/230x230ex/image/retail/images/2020/05/27/12/8/5b223dfd-670a-4562-94fa-0c7d02f59393.jpg",
    "name": "캣츠파인푸드 NO 17 고양이 주식캔 6p, 가금류 + 새우 혼합맛, 200g",
    "price": [
      "4% 25,550",
      "24,300원",
      "(100g당 2,025원)",
      "내일(토) 7/3 도착 보장",
      "내일(토) 새벽 도착 보장"
    ],
    "id": 363
  },
  {
    "link": "https://www.coupang.com/vp/products/1464444789?itemId=2518663246&vendorItemId=70511589649&sourceType=CAMPAIGN&campaignId=82&categoryId=445759",
    "image": "https://thumbnail6.coupangcdn.com/thumbnails/remote/230x230ex/image/retail/images/2020/04/07/18/2/97db2432-6d17-49c3-ac8c-8f4ea153704d.jpg",
    "name": "가이세키 제핀 글로벌 5 딜리셔스 고양이 사료, 곡물, 220g",
    "price": [
      "13% 11,300",
      "9,800원",
      "(100g당 4,455원)",
      "내일(토) 7/3 도착 보장",
      "내일(토) 새벽 도착 보장"
    ],
    "id": 364
  },
  {
    "link": "https://www.coupang.com/vp/products/1313907003?itemId=2331731206&vendorItemId=70328270189&sourceType=CAMPAIGN&campaignId=82&categoryId=445759",
    "image": "https://thumbnail6.coupangcdn.com/thumbnails/remote/230x230ex/image/retail/images/2020/02/18/18/0/65324943-6271-47e6-adae-5959ed2fab65.jpg",
    "name": "미토 프리미엄 성묘용 건사료 2p, 치킨, 1kg",
    "price": [
      "13% 17,000",
      "14,730원",
      "(100g당 737원)",
      "내일(토) 7/3 도착 보장",
      "내일(토) 새벽 도착 보장"
    ],
    "id": 365
  },
  {
    "link": "https://www.coupang.com/vp/products/81020894?itemId=258618423&vendorItemId=3628663122&sourceType=CAMPAIGN&campaignId=82&categoryId=445759",
    "image": "https://thumbnail6.coupangcdn.com/thumbnails/remote/230x230ex/image/retail/images/2018/04/11/11/9/72155910-f448-4d39-a568-33f121a2f53b.jpg",
    "name": "카이세키 고양이 투디쉬 치어 건식사료 10p, 800g, 12개입",
    "price": [
      "244,290원",
      "(100g당 2,545원)",
      "내일(토) 7/3 도착 보장",
      "내일(토) 새벽 도착 보장"
    ],
    "id": 366
  },
  {
    "link": "https://www.coupang.com/vp/products/1173188814?itemId=3091785887&vendorItemId=71079612764&sourceType=CAMPAIGN&campaignId=82&categoryId=445759",
    "image": "https://thumbnail7.coupangcdn.com/thumbnails/remote/230x230ex/image/retail/images/258838136475856-4d84b7dc-14af-4d5b-802f-3d6cfad66c68.jpg",
    "name": "탐사 전연령용 고양이 사료, 5kg",
    "price": [
      "13% 13,500",
      "11,660원",
      "(100g당 233원)",
      "내일(토) 7/3 도착 보장",
      "내일(토) 새벽 도착 보장"
    ],
    "id": 367
  },
  {
    "link": "https://www.coupang.com/vp/products/17957158?itemId=72090653&vendorItemId=3116434329&sourceType=CAMPAIGN&campaignId=82&categoryId=445759",
    "image": "https://thumbnail9.coupangcdn.com/thumbnails/remote/230x230ex/image/retail/images/84076141282550-e7e7c3e6-2c2e-47ec-9af1-270c20ed5151.jpg",
    "name": "프로베스트 캣 전연령 고양이 사료, 5kg, 1개",
    "price": [
      "48% 23,000",
      "11,900원",
      "(100g당 238원)",
      "내일(토) 7/3 도착 보장",
      "새 상품, 박스 훼손 (7) 최저 11,540원"
    ],
    "id": 368
  },
  {
    "link": "https://www.coupang.com/vp/products/1798177756?itemId=2744088604&vendorItemId=70734097694&sourceType=CAMPAIGN&campaignId=82&categoryId=445759",
    "image": "https://thumbnail10.coupangcdn.com/thumbnails/remote/230x230ex/image/retail/images/87558449497438-d46ee9f4-46b4-409b-ad8a-3c4a6e933e83.png",
    "name": "캐츠랑 NEW 전연령 올라이프 고양이 건식사료, 닭 + 참치, 3kg",
    "price": [
      "12,000원",
      "(100g당 400원)",
      "내일(토) 7/3 도착 보장",
      "내일(토) 새벽 도착 보장",
      "새 상품, 박스 훼손 (6) 최저 11,640원"
    ],
    "id": 369
  },
  {
    "link": "https://www.coupang.com/vp/products/1798177756?itemId=3059055225&vendorItemId=70734097647&sourceType=CAMPAIGN&campaignId=82&categoryId=445759",
    "image": "https://thumbnail10.coupangcdn.com/thumbnails/remote/230x230ex/image/retail/images/459451085944327-5f9e1b1b-2caf-48f2-9431-a5116fc949bd.jpg",
    "name": "캐츠랑 NEW 전연령 올라이프 고양이 건식사료, 닭 + 참치, 20kg",
    "price": [
      "19% 49,300",
      "39,900원",
      "(100g당 200원)",
      "내일(토) 7/3 도착 보장",
      "내일(토) 새벽 도착 보장"
    ],
    "id": 370
  },
  {
    "link": "https://www.coupang.com/vp/products/1785268681?itemId=3039780117&vendorItemId=71027844057&sourceType=CAMPAIGN&campaignId=82&categoryId=445759",
    "image": "https://thumbnail7.coupangcdn.com/thumbnails/remote/230x230ex/image/retail/images/2020/06/28/11/0/bff3fc22-6bf2-4b9b-b63b-aba9e0ebfb37.jpg",
    "name": "캐츠랑 키튼 고양이 사료, 닭, 2kg",
    "price": [
      "10% 7,730",
      "6,930원",
      "(100g당 347원)",
      "내일(토) 7/3 도착 보장",
      "내일(토) 새벽 도착 보장"
    ],
    "id": 371
  },
  {
    "link": "https://www.coupang.com/vp/products/196397136?itemId=565703016&vendorItemId=4484815011&sourceType=CAMPAIGN&campaignId=82&categoryId=445759",
    "image": "https://thumbnail7.coupangcdn.com/thumbnails/remote/230x230ex/image/retail/images/246379214055956-3cd557b7-7201-4a18-b7f6-e51a266da5f8.jpg",
    "name": "캣티즌 전연령 고양이사료, 닭, 20kg",
    "price": [
      "와우할인가 | 22% 34,900",
      "27,140원",
      "(100g당 136원)",
      "내일(토) 7/3 도착 보장",
      "내일(토) 새벽 도착 보장"
    ],
    "id": 372
  },
  {
    "link": "https://www.coupang.com/vp/products/4982653?itemId=538595813&vendorItemId=3018214510&sourceType=CAMPAIGN&campaignId=82&categoryId=445759",
    "image": "https://thumbnail9.coupangcdn.com/thumbnails/remote/230x230ex/image/retail/images/83740278028936-ffd04047-b347-4d35-8ea8-6c00e511f7e4.jpg",
    "name": "프로베스트 캣 블루 사료, 1개, 7.5kg",
    "price": [
      "40% 23,000",
      "13,750원",
      "(100g당 183원)",
      "내일(토) 7/3 도착 보장",
      "내일(토) 새벽 도착 보장",
      "새 상품, 박스 훼손 (21) 최저 13,330원"
    ],
    "id": 373
  },
  {
    "link": "https://www.coupang.com/vp/products/2082236727?itemId=3537108127&vendorItemId=71523106277&sourceType=CAMPAIGN&campaignId=82&categoryId=445759",
    "image": "https://thumbnail7.coupangcdn.com/thumbnails/remote/230x230ex/image/retail/images/2020/09/09/16/4/d172985e-408c-4f21-b395-bd36e6bd7bd6.jpg",
    "name": "캐츠랑 맘앤베이비 고양이 사료, 8kg, 1개",
    "price": [
      "2% 26,660",
      "25,890원",
      "(100g당 324원)",
      "내일(토) 7/3 도착 보장",
      "내일(토) 새벽 도착 보장"
    ],
    "id": 374
  },
  {
    "link": "https://www.coupang.com/vp/products/3238709?itemId=396406&vendorItemId=3000305006&sourceType=CAMPAIGN&campaignId=82&categoryId=445759",
    "image": "https://thumbnail8.coupangcdn.com/thumbnails/remote/230x230ex/image/retail/images/605766124967636-4609417d-ba00-41b1-a135-f22300c5ba0b.jpg",
    "name": "ANF 식스 프리 인도어 어덜트 고양이 사료, 6kg, 1개",
    "price": [
      "30% 58,000",
      "40,150원",
      "(100g당 669원)",
      "내일(토) 7/3 도착 보장",
      "내일(토) 새벽 도착 보장"
    ],
    "id": 375
  },
  {
    "link": "https://www.coupang.com/vp/products/31304042?itemId=1091229246&vendorItemId=5605103864&sourceType=CAMPAIGN&campaignId=82&categoryId=445759",
    "image": "https://thumbnail6.coupangcdn.com/thumbnails/remote/230x230ex/image/retail/images/246382589557546-a27f5574-a417-49a9-9b4e-71d841bdf94a.jpg",
    "name": "어스본홀리스틱 그레인프리 와일드 씨캐치, 생선, 6kg, 1개",
    "price": [
      "45,200",
      "44,900원",
      "내일(토) 7/3 도착 보장",
      "내일(토) 새벽 도착 보장"
    ],
    "id": 376
  },
  {
    "link": "https://www.coupang.com/vp/products/22835586?itemId=88655541&vendorItemId=3152707045&sourceType=CAMPAIGN&campaignId=82&categoryId=445759",
    "image": "https://thumbnail8.coupangcdn.com/thumbnails/remote/230x230ex/image/product/image/vendoritem/2019/03/12/3152707045/5367645c-dd0a-4742-8704-b964c198c16c.jpg",
    "name": "웰츠 캣 저지방 다이어트 사료, 2.1kg, 1개",
    "price": [
      "와우할인가 | 22% 29,000",
      "22,440원",
      "(100g당 1,069원)",
      "내일(토) 7/3 도착 보장",
      "내일(토) 새벽 도착 보장"
    ],
    "id": 377
  },
  {
    "link": "https://www.coupang.com/vp/products/9859863?itemId=43690868&vendorItemId=3068758411&sourceType=CAMPAIGN&campaignId=82&categoryId=445759",
    "image": "https://thumbnail8.coupangcdn.com/thumbnails/remote/230x230ex/image/product/image/vendoritem/2019/03/08/3068758411/cbb1d670-e78c-4ae7-8a44-22be4d62c3c3.jpg",
    "name": "펫스토리 프리미엄 로얄 고양이캔, 85g, 24개입, 참치+치킨 혼합맛",
    "price": [
      "와우할인가 | 46% 29,000",
      "15,570원",
      "(100g당 763원)",
      "내일(토) 7/3 도착 보장",
      "내일(토) 새벽 도착 보장"
    ],
    "id": 378
  },
  {
    "link": "https://www.coupang.com/vp/products/17957158?itemId=114146516&vendorItemId=3226422826&sourceType=CAMPAIGN&campaignId=82&categoryId=445759",
    "image": "https://thumbnail8.coupangcdn.com/thumbnails/remote/230x230ex/image/retail/images/84085644692530-55f58b1c-83bb-405f-9070-015f24d2fa98.jpg",
    "name": "프로베스트 캣 전연령 고양이 사료, 5kg, 2개",
    "price": [
      "48% 46,000",
      "23,800원",
      "(100g당 238원)",
      "내일(토) 7/3 도착 보장"
    ],
    "id": 379
  },
  {
    "link": "https://www.coupang.com/vp/products/7081556?itemId=42087577&vendorItemId=3065078872&sourceType=CAMPAIGN&campaignId=82&categoryId=445759",
    "image": "https://thumbnail10.coupangcdn.com/thumbnails/remote/230x230ex/image/product/image/vendoritem/2019/05/07/3065078872/55094afa-c1fb-40a4-8683-13dfd3447f80.jpg",
    "name": "이즈칸캣 시니어 그레인프리 고양이 사료, 2.5kg, 1개",
    "price": [
      "61% 44,000",
      "16,910원",
      "(100g당 676원)",
      "내일(토) 7/3 도착 보장",
      "내일(토) 새벽 도착 보장"
    ],
    "id": 380
  },
  {
    "link": "https://www.coupang.com/vp/products/199837033?itemId=579678087&vendorItemId=4518541321&sourceType=CAMPAIGN&campaignId=82&categoryId=445759",
    "image": "https://thumbnail10.coupangcdn.com/thumbnails/remote/230x230ex/image/product/image/vendoritem/2019/09/09/4518541321/702c9f8b-cd99-4a86-ba69-5b7d122d2e10.jpg",
    "name": "뉴트리나 리얼 오 플러스 인도어 고양이 사료, 5.6kg, 1개",
    "price": [
      "와우할인가 | 10% 49,900",
      "44,910원",
      "(100g당 802원)",
      "내일(토) 7/3 도착 보장"
    ],
    "id": 381
  },
  {
    "link": "https://www.coupang.com/vp/products/3235489?itemId=3704478&vendorItemId=3004407093&sourceType=CAMPAIGN&campaignId=82&categoryId=445759",
    "image": "https://thumbnail8.coupangcdn.com/thumbnails/remote/230x230ex/image/product/image/vendoritem/2016/05/10/3004407093/6e165d06-ac71-4b70-bda2-7433a99782fb.jpg",
    "name": "뉴트리나 비스트로 키튼 고양이 사료, 2kg, 2개",
    "price": [
      "24% 21,000",
      "15,870원",
      "(100g당 397원)",
      "내일(토) 7/3 도착 보장",
      "내일(토) 새벽 도착 보장"
    ],
    "id": 382
  },
  {
    "link": "https://www.coupang.com/vp/products/1237520105?itemId=2232784468&vendorItemId=70230364959&sourceType=CAMPAIGN&campaignId=82&categoryId=445759",
    "image": "https://thumbnail7.coupangcdn.com/thumbnails/remote/230x230ex/image/retail/images/2020/02/02/10/3/0b98605b-e4d5-4b33-8888-16904d8e7482.jpg",
    "name": "벤티 캣 주식 파우치 12p, 참치 + 게맛살, 50g",
    "price": [
      "13,000원",
      "(100g당 2,167원)",
      "내일(토) 7/3 도착 보장",
      "내일(토) 새벽 도착 보장"
    ],
    "id": 383
  },
  {
    "link": "https://www.coupang.com/vp/products/6047061?itemId=547470368&vendorItemId=4436369359&sourceType=CAMPAIGN&campaignId=82&categoryId=445759",
    "image": "https://thumbnail7.coupangcdn.com/thumbnails/remote/230x230ex/image/retail/images/20806245388135-39991c64-f178-403e-91bc-9f2938341ca3.jpg",
    "name": "테이스트오브더와일드 송어 앤 훈제연어 고양이 건식사료, 2개, 908g",
    "price": [
      "52% 40,000",
      "19,190원",
      "(100g당 1,057원)",
      "내일(토) 7/3 도착 보장",
      "내일(토) 새벽 도착 보장"
    ],
    "id": 384
  },
  {
    "link": "https://www.coupang.com/vp/products/1118896786?itemId=2084280255&vendorItemId=70083305418&sourceType=CAMPAIGN&campaignId=82&categoryId=445759",
    "image": "https://thumbnail9.coupangcdn.com/thumbnails/remote/230x230ex/image/retail/images/2019/12/24/16/4/dfa1fe35-560e-42af-b26f-3408d677429c.jpg",
    "name": "내추럴발란스 Grain Free 캣 푸드 수제 스튜 컵캔 6p, 참치&연어&당근&새우, 71g",
    "price": [
      "20% 18,000",
      "14,390원",
      "(100g당 3,378원)",
      "내일(토) 7/3 도착 보장"
    ],
    "id": 385
  },
  {
    "link": "https://www.coupang.com/vp/products/1118896786?itemId=2084280254&vendorItemId=70083305402&sourceType=CAMPAIGN&campaignId=82&categoryId=445759",
    "image": "https://thumbnail10.coupangcdn.com/thumbnails/remote/230x230ex/image/retail/images/2019/12/24/16/0/55337671-dfcc-4132-a82f-fe7278b8d516.jpg",
    "name": "내추럴발란스 Grain Free 캣 푸드 수제 스튜 컵캔 6p, 참치&닭고기, 71g",
    "price": [
      "20% 18,000",
      "14,390원",
      "(100g당 3,378원)",
      "내일(토) 7/3 도착 보장"
    ],
    "id": 386
  },
  {
    "link": "https://www.coupang.com/vp/products/813188?itemId=592444372&vendorItemId=4551747018&sourceType=CAMPAIGN&campaignId=82&categoryId=445759",
    "image": "https://thumbnail6.coupangcdn.com/thumbnails/remote/230x230ex/image/product/image/vendoritem/2019/06/18/4551747018/f4490be2-9b7c-4d09-b1d9-d42ac338246d.jpg",
    "name": "비스트로 전연령 고양이 사료, 8kg, 1개",
    "price": [
      "와우할인가 | 25% 28,800",
      "21,580원",
      "(100g당 270원)",
      "내일(토) 7/3 도착 보장",
      "내일(토) 새벽 도착 보장",
      "새 상품, 박스 훼손 (4) 최저 21,580원"
    ],
    "id": 387
  },
  {
    "link": "https://www.coupang.com/vp/products/2802692?itemId=865053942&vendorItemId=5191993376&sourceType=CAMPAIGN&campaignId=82&categoryId=445759",
    "image": "https://thumbnail7.coupangcdn.com/thumbnails/remote/230x230ex/image/retail/images/2019/08/05/17/8/6e961372-590f-48f0-b6fb-d1645257fd18.jpg",
    "name": "원더캣츠 고양이 건식사료, 20kg, 1개",
    "price": [
      "7% 31,800",
      "29,300원",
      "(100g당 147원)",
      "내일(토) 7/3 도착 보장"
    ],
    "id": 388
  },
  {
    "link": "https://www.coupang.com/vp/products/813188?itemId=567539204&vendorItemId=4489659898&sourceType=CAMPAIGN&campaignId=82&categoryId=445759",
    "image": "https://thumbnail6.coupangcdn.com/thumbnails/remote/230x230ex/image/retail/images/7337338217069-fc8487e5-192c-4a71-ac67-bf04f447ec0e.jpg",
    "name": "비스트로 전연령 고양이 사료, 14kg, 1개",
    "price": [
      "1% 40,160",
      "39,490원",
      "(100g당 282원)",
      "내일(토) 7/3 도착 보장",
      "내일(토) 새벽 도착 보장"
    ],
    "id": 389
  },
  {
    "link": "https://www.coupang.com/vp/products/8993742?itemId=39400557&vendorItemId=3059221262&sourceType=CAMPAIGN&campaignId=82&categoryId=445759",
    "image": "https://thumbnail9.coupangcdn.com/thumbnails/remote/230x230ex/image/retail/images/1834049751991-9a642aa6-d81a-4833-94cd-1c164911bfee.jpg",
    "name": "네츄럴코어 베네 M70 고양이 건식사료, 생선, 2kg",
    "price": [
      "17,600원",
      "(100g당 880원)",
      "내일(토) 7/3 도착 보장"
    ],
    "id": 390
  },
  {
    "link": "https://www.coupang.com/vp/products/7074319?itemId=27833&vendorItemId=3000429644&sourceType=CAMPAIGN&campaignId=82&categoryId=445759",
    "image": "https://thumbnail6.coupangcdn.com/thumbnails/remote/230x230ex/image/product/image/vendoritem/2019/05/10/3000429644/bdbd36b4-a998-449c-9fbf-92602ac4ff3b.jpg",
    "name": "나우프레쉬 그레인프리 키튼 고양이 사료, 1개, 1.81kg",
    "price": [
      "35% 42,000",
      "27,200원",
      "(100g당 1,503원)",
      "내일(토) 7/3 도착 보장",
      "내일(토) 새벽 도착 보장"
    ],
    "id": 391
  },
  {
    "link": "https://www.coupang.com/vp/products/1464204141?itemId=2518321437&vendorItemId=70511254302&sourceType=CAMPAIGN&campaignId=82&categoryId=445759",
    "image": "https://thumbnail10.coupangcdn.com/thumbnails/remote/230x230ex/image/retail/images/2020/04/03/15/3/9622522a-7259-477a-981f-7df9d79848cd.jpg",
    "name": "go 전연련용 솔루션 스킨앤코트 레시피 고양이 건식 사료, 치킨, 3.63kg",
    "price": [
      "2% 43,390",
      "42,400원",
      "(100g당 1,168원)",
      "내일(토) 7/3 도착 보장",
      "내일(토) 새벽 도착 보장"
    ],
    "id": 392
  },
  {
    "link": "https://www.coupang.com/vp/products/9859863?itemId=43690882&vendorItemId=3068758414&sourceType=CAMPAIGN&campaignId=82&categoryId=445759",
    "image": "https://thumbnail8.coupangcdn.com/thumbnails/remote/230x230ex/image/retail/images/2016/11/23/13/1/8be5dd89-e35d-4c02-bd02-bff18681d3b8.jpg",
    "name": "펫스토리 프리미엄 로얄 고양이캔, 85g, 24개, 참치+게살",
    "price": [
      "와우할인가 | 45% 28,500",
      "15,570원",
      "(100g당 763원)",
      "내일(토) 7/3 도착 보장",
      "내일(토) 새벽 도착 보장"
    ],
    "id": 393
  },
  {
    "link": "https://www.coupang.com/vp/products/1464204064?itemId=2518321356&vendorItemId=70511254155&sourceType=CAMPAIGN&campaignId=82&categoryId=445759",
    "image": "https://thumbnail10.coupangcdn.com/thumbnails/remote/230x230ex/image/retail/images/2020/04/03/15/6/2088caa6-1d48-4960-8133-a6452f8fd710.jpg",
    "name": "go 전연련용 솔루션 카니보 레시피 고양이 건식 사료, 닭, 3.63kg",
    "price": [
      "10% 51,000",
      "45,900원",
      "(100g당 1,264원)",
      "내일(토) 7/3 도착 보장",
      "내일(토) 새벽 도착 보장"
    ],
    "id": 394
  },
  {
    "link": "https://www.coupang.com/vp/products/813188?itemId=5841958&vendorItemId=3007479856&sourceType=CAMPAIGN&campaignId=82&categoryId=445759",
    "image": "https://thumbnail9.coupangcdn.com/thumbnails/remote/230x230ex/image/product/image/vendoritem/2019/02/20/3007479856/ce907f0c-a6ec-43ed-9645-0dafaca8020b.jpg",
    "name": "비스트로 전연령 고양이 사료, 6kg, 2개",
    "price": [
      "32% 50,000",
      "33,850원",
      "(100g당 282원)",
      "내일(토) 7/3 도착 보장",
      "내일(토) 새벽 도착 보장"
    ],
    "id": 395
  },
  {
    "link": "https://www.coupang.com/vp/products/7129663?itemId=31551163&vendorItemId=3046781698&sourceType=CAMPAIGN&campaignId=82&categoryId=445759",
    "image": "https://thumbnail7.coupangcdn.com/thumbnails/remote/230x230ex/image/product/image/vendoritem/2019/03/11/3046781698/268ae8dc-2f70-4cba-94f1-d6d1e979b850.jpg",
    "name": "네츄럴오 유기농 쌀과 연어 체중조절 고양이 사료, 5.2kg, 1개",
    "price": [
      "와우할인가 | 35% 62,000",
      "40,190원",
      "(100g당 773원)",
      "내일(토) 7/3 도착 보장"
    ],
    "id": 396
  },
  {
    "link": "https://www.coupang.com/vp/products/9859863?itemId=43690890&vendorItemId=3068758419&sourceType=CAMPAIGN&campaignId=82&categoryId=445759",
    "image": "https://thumbnail8.coupangcdn.com/thumbnails/remote/230x230ex/image/product/image/vendoritem/2019/03/22/3068758419/fcf5b963-3510-4ab8-9ba2-cf963c58987e.jpg",
    "name": "펫스토리 프리미엄 로얄 고양이캔, 85g, 24개, 참치+치어",
    "price": [
      "와우할인가 | 46% 29,000",
      "15,570원",
      "(100g당 763원)",
      "내일(토) 7/3 도착 보장"
    ],
    "id": 397
  },
  {
    "link": "https://www.coupang.com/vp/products/21266083?itemId=36675590&vendorItemId=3000344385&sourceType=CAMPAIGN&campaignId=82&categoryId=445759",
    "image": "https://thumbnail7.coupangcdn.com/thumbnails/remote/230x230ex/image/retail/images/279835034957472-ba3cbc0d-ddcf-4c46-a29c-d175d0b58673.jpg",
    "name": "위스카스 오션피쉬 성묘용 고양이사료 7kg, 1개",
    "price": [
      "20% 37,800",
      "30,000원",
      "(100g당 429원)",
      "내일(토) 7/3 도착 보장",
      "내일(토) 새벽 도착 보장"
    ],
    "id": 398
  },
  {
    "link": "https://www.coupang.com/vp/products/817648?itemId=3200778&vendorItemId=3001161777&sourceType=CAMPAIGN&campaignId=82&categoryId=445759",
    "image": "https://thumbnail9.coupangcdn.com/thumbnails/remote/230x230ex/image/product/image/vendoritem/2016/05/09/3001161777/4b17d860-db45-465e-a989-4d4e41b2052a.jpg",
    "name": "세라피드 그레인프리 체중관리 고양이 사료, 7kg, 1개",
    "price": [
      "40% 37,000",
      "22,030원",
      "(100g당 315원)",
      "내일(토) 7/3 도착 보장",
      "내일(토) 새벽 도착 보장"
    ],
    "id": 399
  },
  {
    "link": "https://www.coupang.com/vp/products/7081555?itemId=31365001&vendorItemId=3046545047&sourceType=CAMPAIGN&campaignId=82&categoryId=445759",
    "image": "https://thumbnail10.coupangcdn.com/thumbnails/remote/230x230ex/image/product/image/vendoritem/2019/01/17/3046545047/f3d5a82f-28a5-4654-860a-0ce285d4960b.jpg",
    "name": "이즈칸 캣 그레인프리 올라이프 고양이 건식사료, 2.5kg, 2개",
    "price": [
      "35% 44,000",
      "28,510원",
      "(100g당 570원)",
      "내일(토) 7/3 도착 보장",
      "내일(토) 새벽 도착 보장"
    ],
    "id": 400
  },
  {
    "link": "https://www.coupang.com/vp/products/7820469?itemId=34232640&vendorItemId=3050679905&sourceType=CAMPAIGN&campaignId=82&categoryId=445759",
    "image": "https://thumbnail9.coupangcdn.com/thumbnails/remote/230x230ex/image/product/image/vendoritem/2019/05/07/3050679905/b15ba1be-ad64-4bc4-b928-6cee8957f0b3.jpg",
    "name": "웰츠 전연령용 올라이프 캣 건식 사료, 닭, 2.1kg",
    "price": [
      "와우할인가 | 22% 29,000",
      "22,440원",
      "(100g당 1,069원)",
      "내일(토) 7/3 도착 보장",
      "내일(토) 새벽 도착 보장"
    ],
    "id": 401
  },
  {
    "link": "https://www.coupang.com/vp/products/1118896256?itemId=2084279718&vendorItemId=70083304933&sourceType=CAMPAIGN&campaignId=82&categoryId=445759",
    "image": "https://thumbnail7.coupangcdn.com/thumbnails/remote/230x230ex/image/retail/images/2019/12/24/16/0/815c1183-97dc-4554-be31-a02b40899fb5.jpg",
    "name": "내추럴발란스 LID 캣 푸드 수제 브로스 컵캔 4p, 닭고기&호박, 78g",
    "price": [
      "22% 12,450",
      "9,600원",
      "(100g당 3,077원)",
      "내일(토) 7/3 도착 보장",
      "내일(토) 새벽 도착 보장"
    ],
    "id": 402
  },
  {
    "link": "https://www.coupang.com/vp/products/199837681?itemId=579683141&vendorItemId=4518548976&sourceType=CAMPAIGN&campaignId=82&categoryId=445759",
    "image": "https://thumbnail7.coupangcdn.com/thumbnails/remote/230x230ex/image/retail/images/2019/03/13/23/8/fb534ada-b281-4a3a-bd46-15b92f518bc2.jpg",
    "name": "뉴트리나 리얼 오 플러스 키튼 고양이 사료, 5.6kg, 1개",
    "price": [
      "와우할인가 | 10% 47,000",
      "42,300원",
      "(100g당 755원)",
      "내일(토) 7/3 도착 보장"
    ],
    "id": 403
  },
  {
    "link": "https://www.coupang.com/vp/products/1118896786?itemId=2084280253&vendorItemId=70083305391&sourceType=CAMPAIGN&campaignId=82&categoryId=445759",
    "image": "https://thumbnail10.coupangcdn.com/thumbnails/remote/230x230ex/image/retail/images/2019/12/24/16/5/92e0c2d2-9c33-4fdd-92f5-d768ca29509f.jpg",
    "name": "내추럴발란스 Grain Free 캣 푸드 수제 스튜 컵캔 6p, 닭고기&닭간, 71g",
    "price": [
      "20% 18,000",
      "14,390원",
      "(100g당 3,378원)",
      "내일(토) 7/3 도착 보장",
      "내일(토) 새벽 도착 보장"
    ],
    "id": 404
  },
  {
    "link": "https://www.coupang.com/vp/products/116295247?itemId=348323566&vendorItemId=3850407940&sourceType=CAMPAIGN&campaignId=82&categoryId=445759",
    "image": "https://thumbnail7.coupangcdn.com/thumbnails/remote/230x230ex/image/retail/images/512057584589232-8b755849-14c9-4a77-9e7a-d4a4b384d2de.jpg",
    "name": "퍼시캣 연어 레시피 고양이 건식사료, 생선, 4.54kg",
    "price": [
      "10% 59,000",
      "53,100원",
      "(100g당 1,170원)",
      "내일(토) 7/3 도착 보장"
    ],
    "id": 405
  },
  {
    "link": "https://www.coupang.com/vp/products/6047061?itemId=27093972&vendorItemId=3040039618&sourceType=CAMPAIGN&campaignId=82&categoryId=445759",
    "image": "https://thumbnail7.coupangcdn.com/thumbnails/remote/230x230ex/image/retail/images/95841370136754-19061cba-880b-48b5-adc5-29756d7763bc.jpg",
    "name": "테이스트오브더와일드 송어 앤 훈제연어 고양이 건식사료, 1개, 2kg",
    "price": [
      "와우할인가 | 54% 44,000",
      "19,950원",
      "(100g당 998원)",
      "내일(토) 7/3 도착 보장",
      "내일(토) 새벽 도착 보장"
    ],
    "id": 406
  },
  {
    "link": "https://www.coupang.com/vp/products/439072?itemId=1202079&vendorItemId=3001161779&sourceType=CAMPAIGN&campaignId=82&categoryId=445759",
    "image": "https://thumbnail10.coupangcdn.com/thumbnails/remote/230x230ex/image/product/image/vendoritem/2016/04/28/3001161779/5a0473d8-3a14-4f50-a051-89efa8e768e2.jpg",
    "name": "캐츠랑 세라피드 헤어볼컨트롤 사료, 7kg, 1개",
    "price": [
      "39% 37,000",
      "22,400원",
      "(100g당 320원)",
      "내일(토) 7/3 도착 보장",
      "새 상품, 박스 훼손 (14) 최저 21,500원"
    ],
    "id": 407
  },
  {
    "link": "https://www.coupang.com/vp/products/1841798?itemId=8099232&vendorItemId=3011331286&sourceType=CAMPAIGN&campaignId=82&categoryId=445759",
    "image": "https://thumbnail8.coupangcdn.com/thumbnails/remote/230x230ex/image/retail/images/437973396366693-94edf5c8-580a-4694-bce9-3c63980dbf87.jpg",
    "name": "네츄럴오 전연령 유기농 쌀과 연어 인도어캣 건식사료, 곡물, 5.2kg",
    "price": [
      "31% 62,000",
      "42,310원",
      "(100g당 814원)",
      "내일(토) 7/3 도착 보장",
      "내일(토) 새벽 도착 보장"
    ],
    "id": 408
  },
  {
    "link": "https://www.coupang.com/vp/products/7081556?itemId=31365005&vendorItemId=3046545017&sourceType=CAMPAIGN&campaignId=82&categoryId=445759",
    "image": "https://thumbnail6.coupangcdn.com/thumbnails/remote/230x230ex/image/product/image/vendoritem/2019/03/13/3046545017/caa32155-039d-4c03-830c-a83ca78bcc41.jpg",
    "name": "이즈칸캣 시니어 그레인프리 고양이 사료, 6.5kg, 2개",
    "price": [
      "28% 80,000",
      "57,520원",
      "(100g당 442원)",
      "내일(토) 7/3 도착 보장",
      "내일(토) 새벽 도착 보장"
    ],
    "id": 409
  },
  {
    "link": "https://www.coupang.com/vp/products/8993738?itemId=39400552&vendorItemId=3059221252&sourceType=CAMPAIGN&campaignId=82&categoryId=445759",
    "image": "https://thumbnail10.coupangcdn.com/thumbnails/remote/230x230ex/image/retail/images/81130720613005-bf7b2ceb-7c90-49df-a569-9c7b95716559.jpg",
    "name": "네츄럴코어 멀티프로테인 고양이 건식사료, 닭, 2kg",
    "price": [
      "30,000원",
      "(100g당 1,500원)",
      "내일(토) 7/3 도착 보장",
      "내일(토) 새벽 도착 보장"
    ],
    "id": 410
  },
  {
    "link": "https://www.coupang.com/vp/products/2269301282?itemId=3891421518&vendorItemId=71876044339&sourceType=CAMPAIGN&campaignId=82&categoryId=445759",
    "image": "https://thumbnail6.coupangcdn.com/thumbnails/remote/230x230ex/image/retail/images/2020/10/20/15/2/8e571afc-5239-4e37-b9c2-706d23ff8448.jpg",
    "name": "쉬바 고양이 미니 주식 파우치 35g 3종 x 2p 2세트, 생선",
    "price": [
      "와우할인가 | 11% 15,600",
      "13,750원",
      "내일(토) 7/3 도착 보장",
      "내일(토) 새벽 도착 보장",
      "새 상품, 박스 훼손 (3) 최저 13,750원"
    ],
    "id": 411
  },
  {
    "link": "https://www.coupang.com/vp/products/1237520105?itemId=2232784467&vendorItemId=70230364941&sourceType=CAMPAIGN&campaignId=82&categoryId=445759",
    "image": "https://thumbnail7.coupangcdn.com/thumbnails/remote/230x230ex/image/retail/images/2020/02/02/10/4/25e9dc56-53dc-40bf-960a-c5ae700a8604.jpg",
    "name": "벤티 캣 주식 파우치 12p, 닭 + 가리비, 50g",
    "price": [
      "13,000원",
      "(100g당 2,167원)",
      "내일(토) 7/3 도착 보장"
    ],
    "id": 412
  },
  {
    "link": "https://www.coupang.com/vp/products/2244666011?itemId=3836023452&vendorItemId=71820857869&sourceType=CAMPAIGN&campaignId=82&categoryId=445759",
    "image": "https://thumbnail10.coupangcdn.com/thumbnails/remote/230x230ex/image/retail/images/2020/10/15/15/0/b028449d-6878-4b97-a96a-cc238302661a.jpg",
    "name": "엔젤스캣 전연령 고양이 건식사료 닭고기 & 연어, 닭, 2kg",
    "price": [
      "9,200원",
      "(100g당 460원)",
      "내일(토) 7/3 도착 보장",
      "내일(토) 새벽 도착 보장"
    ],
    "id": 413
  },
  {
    "link": "https://www.coupang.com/vp/products/7081556?itemId=31365004&vendorItemId=3046545023&sourceType=CAMPAIGN&campaignId=82&categoryId=445759",
    "image": "https://thumbnail9.coupangcdn.com/thumbnails/remote/230x230ex/image/product/image/vendoritem/2019/05/31/3046545023/6bc9284e-2020-4632-8ac8-c5ba207fab87.jpg",
    "name": "이즈칸캣 시니어 그레인프리 고양이 사료, 2.5kg, 2개",
    "price": [
      "35% 44,000",
      "28,510원",
      "(100g당 570원)",
      "내일(토) 7/3 도착 보장",
      "내일(토) 새벽 도착 보장"
    ],
    "id": 414
  },
  {
    "link": "https://www.coupang.com/vp/products/2244666011?itemId=3836023451&vendorItemId=71820857834&sourceType=CAMPAIGN&campaignId=82&categoryId=445759",
    "image": "https://thumbnail6.coupangcdn.com/thumbnails/remote/230x230ex/image/retail/images/2020/10/15/15/9/83c5de1a-57ce-40a4-9369-eba721793790.jpg",
    "name": "엔젤스캣 전연령 고양이 건식사료 닭고기 & 연어, 닭, 20kg",
    "price": [
      "39,080원",
      "(100g당 195원)",
      "내일(토) 7/3 도착 보장",
      "내일(토) 새벽 도착 보장"
    ],
    "id": 415
  },
  {
    "link": "https://www.coupang.com/vp/products/1118896786?itemId=2084280256&vendorItemId=70083305421&sourceType=CAMPAIGN&campaignId=82&categoryId=445759",
    "image": "https://thumbnail10.coupangcdn.com/thumbnails/remote/230x230ex/image/retail/images/2019/12/24/16/4/4217ebd3-a90c-4fa6-8b01-5e2c56f9217e.jpg",
    "name": "내추럴발란스 Grain Free 캣 푸드 수제 스튜 컵캔 6p, 참치&횐살생선&당근, 71g",
    "price": [
      "20% 18,000",
      "14,390원",
      "(100g당 3,378원)",
      "내일(토) 7/3 도착 보장",
      "내일(토) 새벽 도착 보장"
    ],
    "id": 416
  },
  {
    "link": "https://www.coupang.com/vp/products/1118896786?itemId=2084280258&vendorItemId=70083305431&sourceType=CAMPAIGN&campaignId=82&categoryId=445759",
    "image": "https://thumbnail10.coupangcdn.com/thumbnails/remote/230x230ex/image/retail/images/2019/12/24/16/7/c6d9bd63-adf2-4e7a-ae90-a564cf62fcbd.jpg",
    "name": "내추럴발란스 Grain Free 캣 푸드 수제 스튜 컵캔 6p, 흰살생선&정어리&케일, 71g",
    "price": [
      "20% 18,000",
      "14,390원",
      "(100g당 3,378원)",
      "내일(토) 7/3 도착 보장",
      "내일(토) 새벽 도착 보장",
      "새 상품, 재포장 (3) 최저 13,000원"
    ],
    "id": 417
  },
  {
    "link": "https://www.coupang.com/vp/products/9412324?itemId=41309395&vendorItemId=3063191568&sourceType=CAMPAIGN&campaignId=82&categoryId=445759",
    "image": "https://thumbnail8.coupangcdn.com/thumbnails/remote/230x230ex/image/product/image/vendoritem/2019/09/02/3063191568/704313d8-98d1-4f3a-8f8f-5ab6df8ecccf.jpg",
    "name": "퓨리나 팬시피스트 인스퍼레이션 고양이 파우치, 참치 + 애호박 +통곡물, 24개",
    "price": [
      "20% 39,000",
      "31,200원",
      "(10g당 186원)",
      "내일(토) 7/3 도착 보장",
      "새 상품, 박스 훼손 (6) 최저 29,010원"
    ],
    "id": 418
  },
  {
    "link": "https://www.coupang.com/vp/products/1334693560?itemId=2360244724&vendorItemId=70356634275&sourceType=CAMPAIGN&campaignId=82&categoryId=445759",
    "image": "https://thumbnail8.coupangcdn.com/thumbnails/remote/230x230ex/image/retail/images/2020/03/06/16/9/ff8fa104-7b1f-4584-9e18-a46ab7e35157.jpg",
    "name": "비타크래프트 성묘용 포에시 하트캔 고양이 주식 파우치, 오리 + 배, 85g",
    "price": [
      "와우할인가 | 15% 15,450",
      "13,130원",
      "(100g당 1,030원)",
      "내일(토) 7/3 도착 보장",
      "내일(토) 새벽 도착 보장"
    ],
    "id": 419
  },
  {
    "link": "https://www.coupang.com/vp/products/1785268634?itemId=3048981213&vendorItemId=71037004215&sourceType=CAMPAIGN&campaignId=82&categoryId=445759",
    "image": "https://thumbnail6.coupangcdn.com/thumbnails/remote/230x230ex/image/retail/images/2020/07/07/14/1/80db73fb-d537-4158-87d7-916cb30b2fde.jpg",
    "name": "캐츠랑 어덜트 고양이 사료, 1개, 4kg",
    "price": [
      "13,230",
      "13,130원",
      "(100g당 328원)",
      "내일(토) 7/3 도착 보장",
      "내일(토) 새벽 도착 보장"
    ],
    "id": 420
  },
  {
    "link": "https://www.coupang.com/vp/products/310232190?itemId=978055779&vendorItemId=5393676221&sourceType=CAMPAIGN&campaignId=82&categoryId=445759",
    "image": "https://thumbnail7.coupangcdn.com/thumbnails/remote/230x230ex/image/retail/images/2019/09/27/11/3/c0f4694e-3ed1-4105-b834-de2dd0c545a5.jpg",
    "name": "피니키 전연령용 캣 그레인 프리 건식사료, 소, 3kg",
    "price": [
      "와우할인가 | 12% 39,600",
      "34,840원",
      "(100g당 1,161원)",
      "내일(토) 7/3 도착 보장",
      "내일(토) 새벽 도착 보장",
      "새 상품, 박스 훼손 (3) 최저 34,210원"
    ],
    "id": 421
  },
  {
    "link": "https://www.coupang.com/vp/products/1334693560?itemId=2360244723&vendorItemId=70356634234&sourceType=CAMPAIGN&campaignId=82&categoryId=445759",
    "image": "https://thumbnail10.coupangcdn.com/thumbnails/remote/230x230ex/image/retail/images/2020/03/06/16/7/f023c46a-5250-42c0-89cd-c19c94907fb5.jpg",
    "name": "비타크래프트 성묘용 포에시 하트캔 고양이 주식 파우치, 당근 + 시금치, 85g",
    "price": [
      "와우할인가 | 15% 15,450",
      "13,130원",
      "(100g당 1,030원)",
      "내일(토) 7/3 도착 보장",
      "내일(토) 새벽 도착 보장"
    ],
    "id": 422
  },
  {
    "link": "https://www.coupang.com/vp/products/188196531?itemId=537444752&vendorItemId=4403439369&sourceType=CAMPAIGN&campaignId=82&categoryId=445759",
    "image": "https://thumbnail6.coupangcdn.com/thumbnails/remote/230x230ex/image/retail/images/91027164910243-2e09960e-d874-48db-8450-5e21f370e36c.jpg",
    "name": "쉬바 고양이 주식 파우치 참치와 연어, 70g, 24개입",
    "price": [
      "29% 31,200",
      "22,150원",
      "(100g당 1,318원)",
      "내일(토) 7/3 도착 보장",
      "내일(토) 새벽 도착 보장"
    ],
    "id": 423
  },
  {
    "link": "https://www.coupang.com/vp/products/1923476083?itemId=3265701522&vendorItemId=71252740730&sourceType=CAMPAIGN&campaignId=82&categoryId=445759",
    "image": "https://thumbnail7.coupangcdn.com/thumbnails/remote/230x230ex/image/retail/images/2020/07/31/20/4/8ce483e2-0cba-43c7-8608-48607fb68060.jpg",
    "name": "이볼브 그레인프리 고양이 사료 치킨, 닭, 1.36kg",
    "price": [
      "와우할인가 | 10% 19,000",
      "17,100원",
      "(100g당 1,257원)",
      "내일(토) 7/3 도착 보장"
    ],
    "id": 424
  },
  {
    "link": "https://www.coupang.com/vp/products/1841772?itemId=8099135&vendorItemId=3011330464&sourceType=CAMPAIGN&campaignId=82&categoryId=445759",
    "image": "https://thumbnail9.coupangcdn.com/thumbnails/remote/230x230ex/image/product/image/vendoritem/2019/03/12/3011330464/935bd5dc-5182-4b43-9505-38049924633c.jpg",
    "name": "네츄럴오 키튼 유기농쌀과 연어 고양이 사료, 5.2kg, 1개",
    "price": [
      "와우할인가 | 36% 62,000",
      "39,550원",
      "(100g당 761원)",
      "내일(토) 7/3 도착 보장",
      "내일(토) 새벽 도착 보장"
    ],
    "id": 425
  },
  {
    "link": "https://www.coupang.com/vp/products/1431701451?itemId=2472823332&vendorItemId=70466208730&sourceType=CAMPAIGN&campaignId=82&categoryId=445759",
    "image": "https://thumbnail10.coupangcdn.com/thumbnails/remote/230x230ex/image/retail/images/2020/03/25/12/1/a2361eb4-68b7-4af9-b424-ded8721f937b.jpg",
    "name": "웰니스 어덜트용 코어 디바인듀오 고양이 습식사료, 닭, 79g",
    "price": [
      "24,250원",
      "(100g당 2,558원)",
      "내일(토) 7/3 도착 보장",
      "내일(토) 새벽 도착 보장"
    ],
    "id": 426
  },
  {
    "link": "https://www.coupang.com/vp/products/310232190?itemId=978055790&vendorItemId=5393676229&sourceType=CAMPAIGN&campaignId=82&categoryId=445759",
    "image": "https://thumbnail8.coupangcdn.com/thumbnails/remote/230x230ex/image/retail/images/6470059059366-148b8e6d-7b59-4df6-af10-02001ae23272.jpg",
    "name": "피니키 전연령용 캣 그레인 프리 건식사료, 닭, 3kg",
    "price": [
      "와우할인가 | 12% 39,600",
      "34,840원",
      "(100g당 1,161원)",
      "내일(토) 7/3 도착 보장",
      "내일(토) 새벽 도착 보장"
    ],
    "id": 427
  },
  {
    "link": "https://www.coupang.com/vp/products/116862065?itemId=349859388&vendorItemId=3853257472&sourceType=CAMPAIGN&campaignId=82&categoryId=445759",
    "image": "https://thumbnail8.coupangcdn.com/thumbnails/remote/230x230ex/image/product/image/vendoritem/2019/03/27/3853257472/24d98937-c5de-480f-8133-041085e126a2.jpg",
    "name": "웰츠 캣 인도어, 6kg, 1개",
    "price": [
      "와우할인가 | 27% 74,000",
      "53,760원",
      "(100g당 896원)",
      "내일(토) 7/3 도착 보장",
      "내일(토) 새벽 도착 보장",
      "새 상품, 박스 훼손 (10) 최저 53,400원"
    ],
    "id": 428
  },
  {
    "link": "https://www.coupang.com/vp/products/5319922412?itemId=7734671185&vendorItemId=75024833064&sourceType=CAMPAIGN&campaignId=82&categoryId=445759",
    "image": "https://thumbnail8.coupangcdn.com/thumbnails/remote/230x230ex/image/rs_quotation_api/erw5c0lh/8c7bddef07ce4087952d8cb36b5fcc23.jpg",
    "name": "게더 성묘용 프리에이커 치킨 레시피 건식사료, 3.63kg, 닭",
    "price": [
      "68,980원",
      "내일(토) 7/3 도착 보장",
      "내일(토) 새벽 도착 보장"
    ],
    "id": 429
  },
  {
    "link": "https://www.coupang.com/vp/products/1431701316?itemId=2472823135&vendorItemId=70466208586&sourceType=CAMPAIGN&campaignId=82&categoryId=445759",
    "image": "https://thumbnail10.coupangcdn.com/thumbnails/remote/230x230ex/image/retail/images/2020/03/25/12/3/5d309245-7b99-4c0d-95a3-3f4d8146367f.jpg",
    "name": "웰니스 어덜트용 헬시 인덜전스 머셀 고양이 습식사료, 닭고기 + 연어, 85g",
    "price": [
      "2% 21,650",
      "21,050원",
      "(100g당 2,064원)",
      "내일(토) 7/3 도착 보장",
      "내일(토) 새벽 도착 보장"
    ],
    "id": 430
  },
  {
    "link": "https://www.coupang.com/vp/products/1431701316?itemId=2472823136&vendorItemId=70466208589&sourceType=CAMPAIGN&campaignId=82&categoryId=445759",
    "image": "https://thumbnail7.coupangcdn.com/thumbnails/remote/230x230ex/image/retail/images/2020/03/25/12/7/e9b1fa2f-9be2-4315-865e-8f280170563c.jpg",
    "name": "웰니스 어덜트용 헬시 인덜전스 머셀 고양이 습식사료, 닭, 85g",
    "price": [
      "2% 21,650",
      "21,050원",
      "(100g당 2,064원)",
      "내일(토) 7/3 도착 보장",
      "내일(토) 새벽 도착 보장"
    ],
    "id": 431
  },
  {
    "link": "https://www.coupang.com/vp/products/1694972011?itemId=3825542099&vendorItemId=71810400115&sourceType=CAMPAIGN&campaignId=82&categoryId=445759",
    "image": "https://thumbnail8.coupangcdn.com/thumbnails/remote/230x230ex/image/retail/images/2020/10/06/11/9/db8a0ca2-3136-4bd6-af59-c8c0bbe6c855.jpg",
    "name": "내추럴팩토리 전연령용 고양이 사료, 치킨 + 야채, 15kg",
    "price": [
      "32,900원",
      "(100g당 219원)",
      "내일(토) 7/3 도착 보장",
      "내일(토) 새벽 도착 보장"
    ],
    "id": 432
  },
  {
    "link": "https://www.coupang.com/vp/products/5351727290?itemId=547297032&vendorItemId=4435931771&sourceType=CAMPAIGN&campaignId=82&categoryId=445759",
    "image": "https://thumbnail9.coupangcdn.com/thumbnails/remote/230x230ex/image/retail/images/167745376533267-ab3c71a5-1d69-429a-bbf5-c14080027dcc.jpg",
    "name": "카나간 그레인프리 고양이 사료 프리런 치킨 맛, 375g, 2개입",
    "price": [
      "27% 30,000",
      "21,650원",
      "(100g당 2,887원)",
      "내일(토) 7/3 도착 보장",
      "내일(토) 새벽 도착 보장",
      "새 상품, 박스 훼손 (2) 최저 20,780원"
    ],
    "id": 433
  },
  {
    "link": "https://www.coupang.com/vp/products/5351756270?itemId=494238394&vendorItemId=4254173827&sourceType=CAMPAIGN&campaignId=82&categoryId=445759",
    "image": "https://thumbnail7.coupangcdn.com/thumbnails/remote/230x230ex/image/retail/images/1886034864476809-65116fc6-3b05-4d3b-b58f-f7116dc5a261.jpg",
    "name": "카나간 그레인프리 고양이 사료 스코티쉬 살몬 맛, 8kg, 1개",
    "price": [
      "35% 153,000",
      "98,600원",
      "(100g당 1,233원)",
      "내일(토) 7/3 도착 보장"
    ],
    "id": 434
  },
  {
    "link": "https://www.coupang.com/vp/products/5351756270?itemId=494238391&vendorItemId=4254173814&sourceType=CAMPAIGN&campaignId=82&categoryId=445759",
    "image": "https://thumbnail7.coupangcdn.com/thumbnails/remote/230x230ex/image/retail/images/1886034864476809-65116fc6-3b05-4d3b-b58f-f7116dc5a261.jpg",
    "name": "카나간 그레인프리 고양이 사료 스코티쉬 살몬 맛, 4kg, 1개",
    "price": [
      "33% 95,000",
      "62,900원",
      "(100g당 1,573원)",
      "내일(토) 7/3 도착 보장",
      "내일(토) 새벽 도착 보장"
    ],
    "id": 435
  },
  {
    "link": "https://www.coupang.com/vp/products/1464204089?itemId=2518321372&vendorItemId=70511254158&sourceType=CAMPAIGN&campaignId=82&categoryId=445759",
    "image": "https://thumbnail10.coupangcdn.com/thumbnails/remote/230x230ex/image/retail/images/2020/04/03/15/6/f8f1baa7-65ae-4b60-bc34-d15e6e223808.jpg",
    "name": "go 전연련용 솔루션 LID 레시피 고양이 건식 사료, 오리, 7.26kg",
    "price": [
      "100,000원",
      "(100g당 1,377원)",
      "내일(토) 7/3 도착 보장",
      "내일(토) 새벽 도착 보장"
    ],
    "id": 436
  },
  {
    "link": "https://www.coupang.com/vp/products/83837394?itemId=266122513&vendorItemId=3644842816&sourceType=CAMPAIGN&campaignId=82&categoryId=445759",
    "image": "https://thumbnail10.coupangcdn.com/thumbnails/remote/230x230ex/image/product/image/vendoritem/2019/05/22/3644842816/83bd4eeb-88c9-40c6-806e-4b987677c4f6.jpg",
    "name": "아미오 그레인프리 키튼&어덜트 고양이 사료, 닭, 1개, 5.4kg",
    "price": [
      "와우할인가 | 47% 65,000",
      "34,040원",
      "(100g당 630원)",
      "내일(토) 7/3 도착 보장",
      "내일(토) 새벽 도착 보장"
    ],
    "id": 437
  },
  {
    "link": "https://www.coupang.com/vp/products/7129665?itemId=31551179&vendorItemId=3046781682&sourceType=CAMPAIGN&campaignId=82&categoryId=445759",
    "image": "https://thumbnail7.coupangcdn.com/thumbnails/remote/230x230ex/image/product/image/vendoritem/2019/03/20/3046781682/46815cd7-7c5c-4488-9547-e36c91b4edcc.jpg",
    "name": "네츄럴오 유기농쌀과 연어 캣사료 피부, 5.2kg, 1개",
    "price": [
      "와우할인가 | 29% 62,000",
      "43,890원",
      "(100g당 844원)",
      "내일(토) 7/3 도착 보장",
      "내일(토) 새벽 도착 보장"
    ],
    "id": 438
  },
  {
    "link": "https://www.coupang.com/vp/products/21527492?itemId=84077539&vendorItemId=3143106124&sourceType=CAMPAIGN&campaignId=82&categoryId=445759",
    "image": "https://thumbnail6.coupangcdn.com/thumbnails/remote/230x230ex/image/retail/images/2017/05/11/10/1/5225cf99-d05a-4fbb-b4a3-389962d1eef9.jpg",
    "name": "아보덤 치킨 어덜트 고양이 사료, 2kg, 1개",
    "price": [
      "11% 23,480",
      "20,800원",
      "(100g당 1,040원)",
      "내일(토) 7/3 도착 보장"
    ],
    "id": 439
  },
  {
    "link": "https://www.coupang.com/vp/products/59120152?itemId=204384231&vendorItemId=3484177423&sourceType=CAMPAIGN&campaignId=82&categoryId=445759",
    "image": "https://thumbnail6.coupangcdn.com/thumbnails/remote/230x230ex/image/retail/images/2018/01/08/19/4/28d761f2-98ae-453b-be2c-78a32181d9a4.jpg",
    "name": "네이처스버라이어티 생식본능 RBK 치킨 고양이사료, 2.2kg, 1개",
    "price": [
      "24% 60,000",
      "45,570원",
      "(100g당 2,071원)",
      "내일(토) 7/3 도착 보장",
      "내일(토) 새벽 도착 보장"
    ],
    "id": 440
  },
  {
    "link": "https://www.coupang.com/vp/products/1464204089?itemId=2518321376&vendorItemId=70511254202&sourceType=CAMPAIGN&campaignId=82&categoryId=445759",
    "image": "https://thumbnail8.coupangcdn.com/thumbnails/remote/230x230ex/image/retail/images/2020/04/03/15/6/20a315b7-164e-4730-9228-4b218c5a968f.jpg",
    "name": "go 전연련용 솔루션 LID 레시피 고양이 건식 사료, 생선, 7.26kg",
    "price": [
      "100,000원",
      "(100g당 1,377원)",
      "내일(토) 7/3 도착 보장",
      "내일(토) 새벽 도착 보장"
    ],
    "id": 441
  },
  {
    "link": "https://www.coupang.com/vp/products/1548521283?itemId=2650451723&vendorItemId=70641293593&sourceType=CAMPAIGN&campaignId=82&categoryId=445759",
    "image": "https://thumbnail10.coupangcdn.com/thumbnails/remote/230x230ex/image/retail/images/2020/05/06/16/6/2ac5eb7b-85d7-4953-b581-ec18818ad1e9.jpg",
    "name": "로투스 캣 오븐베이크 그레인프리 건식사료, 생선, 4.9kg",
    "price": [
      "2% 100,000",
      "97,250원",
      "(100g당 1,985원)",
      "내일(토) 7/3 도착 보장",
      "내일(토) 새벽 도착 보장"
    ],
    "id": 442
  },
  {
    "link": "https://www.coupang.com/vp/products/28850051?itemId=110607984&vendorItemId=3216400596&sourceType=CAMPAIGN&campaignId=82&categoryId=445759",
    "image": "https://thumbnail6.coupangcdn.com/thumbnails/remote/230x230ex/image/product/image/vendoritem/2019/04/16/3216400596/22924812-90b1-4bff-b75c-56d8650f0cd1.jpg",
    "name": "웰니스 코어 오리지날 캣 고양이 사료, 5kg, 1개",
    "price": [
      "12% 65,500",
      "57,600원",
      "(100g당 1,152원)",
      "내일(토) 7/3 도착 보장",
      "내일(토) 새벽 도착 보장"
    ],
    "id": 443
  },
  {
    "link": "https://www.coupang.com/vp/products/823030?itemId=3231047&vendorItemId=3000106347&sourceType=CAMPAIGN&campaignId=82&categoryId=445759",
    "image": "https://thumbnail6.coupangcdn.com/thumbnails/remote/230x230ex/image/product/image/vendoritem/2019/03/29/3000106347/7bd9b505-815e-4494-9a92-0b41b8baf5a5.jpg",
    "name": "트로벳 비만 당뇨 WRD 처방사료, 3kg, 1개",
    "price": [
      "와우할인가 | 42% 60,000",
      "34,580원",
      "(100g당 1,153원)",
      "내일(토) 7/3 도착 보장",
      "내일(토) 새벽 도착 보장"
    ],
    "id": 444
  },
  {
    "link": "https://www.coupang.com/vp/products/821147?itemId=3230895&vendorItemId=3000106321&sourceType=CAMPAIGN&campaignId=82&categoryId=445759",
    "image": "https://thumbnail8.coupangcdn.com/thumbnails/remote/230x230ex/image/product/image/vendoritem/2019/03/29/3000106321/b5d15432-5e8e-4c7b-9799-790ef7281572.jpg",
    "name": "트로벳 간 장기능개선 HLD 고양이 처방식사료, 1개, 3kg",
    "price": [
      "와우할인가 | 39% 60,000",
      "36,100원",
      "(100g당 1,203원)",
      "내일(토) 7/3 도착 보장",
      "내일(토) 새벽 도착 보장"
    ],
    "id": 445
  },
  {
    "link": "https://www.coupang.com/vp/products/9309?itemId=22461&vendorItemId=3000431372&sourceType=CAMPAIGN&campaignId=82&categoryId=445759",
    "image": "https://thumbnail7.coupangcdn.com/thumbnails/remote/230x230ex/image/product/image/vendoritem/2019/03/15/3000431372/6b2825e2-955a-4bb0-a864-9e31a43c299a.jpg",
    "name": "캣츠에비뉴 고양이 사료, 7.5kg, 1개",
    "price": [
      "46% 33,000",
      "17,500원",
      "(100g당 233원)",
      "내일(토) 7/3 도착 보장",
      "내일(토) 새벽 도착 보장"
    ],
    "id": 446
  },
  {
    "link": "https://www.coupang.com/vp/products/822887?itemId=3230234&vendorItemId=3000106184&sourceType=CAMPAIGN&campaignId=82&categoryId=445759",
    "image": "https://thumbnail10.coupangcdn.com/thumbnails/remote/230x230ex/image/product/image/vendoritem/2015/04/04/3000106184/46459b4b-6628-48f0-ac49-db5af4925316.jpg",
    "name": "트로벳 피부질환개선 RRD애묘용 처방식사료, 1.8kg, 1개",
    "price": [
      "와우할인가 | 39% 40,000",
      "24,320원",
      "(100g당 1,351원)",
      "내일(토) 7/3 도착 보장",
      "내일(토) 새벽 도착 보장"
    ],
    "id": 447
  },
  {
    "link": "https://www.coupang.com/vp/products/10421?itemId=28993&vendorItemId=3000227315&sourceType=CAMPAIGN&campaignId=82&categoryId=445759",
    "image": "https://thumbnail9.coupangcdn.com/thumbnails/remote/230x230ex/image/product/image/vendoritem/2016/04/27/3000227315/99f605e8-1973-45e1-b28e-57b4944aafa5.jpg",
    "name": "캐츠랑 전연령 인도어겸용 고양이 건식사료, 1.5kg, 1개",
    "price": [
      "3% 10,000",
      "9,630원",
      "(100g당 642원)",
      "내일(토) 7/3 도착 보장",
      "내일(토) 새벽 도착 보장"
    ],
    "id": 448
  },
  {
    "link": "https://www.coupang.com/vp/products/560853?itemId=1968582&vendorItemId=3001754760&sourceType=CAMPAIGN&campaignId=82&categoryId=445759",
    "image": "https://thumbnail10.coupangcdn.com/thumbnails/remote/230x230ex/image/product/image/vendoritem/2015/09/09/3001754760/e7ec3066-f172-441b-b9ea-ccc0052abfcf.jpg",
    "name": "토탈 이퀄리브리오 고양이 사료, 어덜트캣, 7.5kg",
    "price": [
      "8% 79,000",
      "72,200원",
      "(100g당 963원)",
      "내일(토) 7/3 도착 보장",
      "내일(토) 새벽 도착 보장",
      "새 상품, 박스 훼손 (2) 최저 70,030원"
    ],
    "id": 449
  },
  {
    "link": "https://www.coupang.com/vp/products/3240450?itemId=355154&vendorItemId=3000261775&sourceType=CAMPAIGN&campaignId=82&categoryId=445759",
    "image": "https://thumbnail7.coupangcdn.com/thumbnails/remote/230x230ex/image/product/image/vendoritem/2015/04/29/3000261775/02012c96-f44d-4940-a80c-d35712b2e152.jpg",
    "name": "올가밀 홀리스틱 캣35 고양이 사료 씨푸드&참치, 1kg, 1개",
    "price": [
      "와우할인가 | 38% 14,500",
      "8,850원",
      "(100g당 885원)",
      "내일(토) 7/3 도착 보장",
      "내일(토) 새벽 도착 보장"
    ],
    "id": 450
  },
  {
    "link": "https://www.coupang.com/vp/products/9309?itemId=22460&vendorItemId=3000431371&sourceType=CAMPAIGN&campaignId=82&categoryId=445759",
    "image": "https://thumbnail9.coupangcdn.com/thumbnails/remote/230x230ex/image/product/image/vendoritem/2015/06/22/3000431371/e5e5a7c9-c8c6-4117-8853-1969ad46b4b4.jpg",
    "name": "캣츠에비뉴 고양이 사료, 4.5kg, 1개",
    "price": [
      "와우할인가 | 42% 23,000",
      "13,280원",
      "(100g당 295원)",
      "내일(토) 7/3 도착 보장",
      "내일(토) 새벽 도착 보장"
    ],
    "id": 451
  },
  {
    "link": "https://www.coupang.com/vp/products/1886927?itemId=8347759&vendorItemId=3011638082&sourceType=CAMPAIGN&campaignId=82&categoryId=445759",
    "image": "https://thumbnail10.coupangcdn.com/thumbnails/remote/230x230ex/image/retail/images/600209593148349-4f8a1e9b-9127-4fd3-9cf3-89890667e84a.jpg",
    "name": "뉴트리소스 캣앤키튼 치킨 연어 고양이 사료, 7.25kg, 1개",
    "price": [
      "29% 61,000",
      "42,820원",
      "(100g당 591원)",
      "내일(토) 7/3 도착 보장",
      "내일(토) 새벽 도착 보장"
    ],
    "id": 452
  },
  {
    "link": "https://www.coupang.com/vp/products/9859863?itemId=43690893&vendorItemId=3068758427&sourceType=CAMPAIGN&campaignId=82&categoryId=445759",
    "image": "https://thumbnail9.coupangcdn.com/thumbnails/remote/230x230ex/image/product/image/vendoritem/2019/03/15/3068758427/5be0a1ad-5e93-43e1-ba29-28f3abf8213b.jpg",
    "name": "펫스토리 프리미엄 로얄 고양이캔, 85g, 24개, 헤어볼",
    "price": [
      "와우할인가 | 46% 29,000",
      "15,570원",
      "(100g당 763원)",
      "내일(토) 7/3 도착 보장"
    ],
    "id": 453
  },
  {
    "link": "https://www.coupang.com/vp/products/169718146?itemId=566929869&vendorItemId=4488180063&sourceType=CAMPAIGN&campaignId=82&categoryId=445759",
    "image": "https://thumbnail8.coupangcdn.com/thumbnails/remote/230x230ex/image/retail/images/2019/03/12/10/5/fc5f8b9c-74f0-4d21-a39a-81e2a2db5de2.jpg",
    "name": "캣츠미어 고양이 사료 참치 흰살토핑, 170g, 12개",
    "price": [
      "와우할인가 | 5% 14,100",
      "13,390원",
      "(100g당 656원)",
      "내일(토) 7/3 도착 보장",
      "내일(토) 새벽 도착 보장"
    ],
    "id": 454
  },
  {
    "link": "https://www.coupang.com/vp/products/2239774953?itemId=3825621271&vendorItemId=71810478194&sourceType=CAMPAIGN&campaignId=82&categoryId=445759",
    "image": "https://thumbnail9.coupangcdn.com/thumbnails/remote/230x230ex/image/retail/images/2020/10/14/18/4/0de4704d-4600-4cc2-aebf-419d6e191054.jpg",
    "name": "퓨리나원 성묘용 비뇨기계 관리 주식 파우치 24p, 닭, 24개, 70g",
    "price": [
      "10% 37,020",
      "33,060원",
      "(100g당 1,968원)",
      "내일(토) 7/3 도착 보장",
      "내일(토) 새벽 도착 보장"
    ],
    "id": 455
  },
  {
    "link": "https://www.coupang.com/vp/products/169718116?itemId=485699699&vendorItemId=4224034250&sourceType=CAMPAIGN&campaignId=82&categoryId=445759",
    "image": "https://thumbnail9.coupangcdn.com/thumbnails/remote/230x230ex/image/retail/images/2018/12/20/17/7/17a0becc-b5fd-48e5-b03e-65d9cfdb1122.jpg",
    "name": "캣츠미어 고양이 사료 참치오리지날, 170g, 6개",
    "price": [
      "와우할인가 | 52% 11,880",
      "5,700원",
      "(100g당 559원)",
      "내일(토) 7/3 도착 보장"
    ],
    "id": 456
  },
  {
    "link": "https://www.coupang.com/vp/products/116295226?itemId=348323554&vendorItemId=3850407886&sourceType=CAMPAIGN&campaignId=82&categoryId=445759",
    "image": "https://thumbnail8.coupangcdn.com/thumbnails/remote/230x230ex/image/retail/images/271380985355926-892ecc04-8440-4edc-baaf-331c427c179b.jpg",
    "name": "퍼시캣 치킨 칠면조 레시피 고양이 사료, 1kg, 1개",
    "price": [
      "10% 15,000",
      "13,500원",
      "(100g당 1,350원)",
      "내일(토) 7/3 도착 보장",
      "내일(토) 새벽 도착 보장"
    ],
    "id": 457
  },
  {
    "link": "https://www.coupang.com/vp/products/21527489?itemId=84077531&vendorItemId=3143106117&sourceType=CAMPAIGN&campaignId=82&categoryId=445759",
    "image": "https://thumbnail6.coupangcdn.com/thumbnails/remote/230x230ex/image/retail/images/2017/05/11/10/0/38494a15-cd05-48d9-9299-5c9b2d511965.jpg",
    "name": "씨씨펫 아보덤 인도어 헤어볼 치킨 & 청어 고양이 사료, 4.99kg, 1개",
    "price": [
      "27% 71,560",
      "51,890원",
      "(100g당 1,040원)",
      "내일(토) 7/3 도착 보장",
      "내일(토) 새벽 도착 보장"
    ],
    "id": 458
  },
  {
    "link": "https://www.coupang.com/vp/products/2269301282?itemId=3891421522&vendorItemId=71876044398&sourceType=CAMPAIGN&campaignId=82&categoryId=445759",
    "image": "https://thumbnail6.coupangcdn.com/thumbnails/remote/230x230ex/image/retail/images/2020/10/20/15/9/956ac5e8-b6ff-482e-95ee-377e89b5fac3.jpg",
    "name": "쉬바 고양이 미니 주식 파우치 35g 3종 x 2p 2세트, 닭가슴살 + 오션",
    "price": [
      "와우할인가 | 11% 15,600",
      "13,750원",
      "내일(토) 7/3 도착 보장"
    ],
    "id": 459
  },
  {
    "link": "https://www.coupang.com/vp/products/42856384?itemId=155270427&vendorItemId=3363618566&sourceType=CAMPAIGN&campaignId=82&categoryId=445759",
    "image": "https://thumbnail7.coupangcdn.com/thumbnails/remote/230x230ex/image/product/image/vendoritem/2019/02/12/3363618566/fecfd053-f368-47da-93d1-3dbe303b69fd.jpg",
    "name": "인스팅트 생식본능 얼티밋 프로틴 치킨 캣 키블 고양이 건식사료, 4.5kg, 1개",
    "price": [
      "와우할인가 | 30% 107,000",
      "74,780원",
      "(100g당 1,662원)",
      "내일(토) 7/3 도착 보장",
      "내일(토) 새벽 도착 보장"
    ],
    "id": 460
  },
  {
    "link": "https://www.coupang.com/vp/products/1739025777?itemId=2960751477&vendorItemId=70949227700&sourceType=CAMPAIGN&campaignId=82&categoryId=445759",
    "image": "https://thumbnail6.coupangcdn.com/thumbnails/remote/230x230ex/image/retail/images/2020/06/18/11/7/2a9c364f-4ece-4ab4-a2da-b761125e02d8.jpg",
    "name": "퍼시캣 3개월이상 프리미엄 고양이 주식캔 24p, 참치 앤 실꼬리돔 포뮬라, 80g",
    "price": [
      "60,000원",
      "(100g당 3,125원)",
      "내일(토) 7/3 도착 보장",
      "내일(토) 새벽 도착 보장"
    ],
    "id": 461
  },
  {
    "link": "https://www.coupang.com/vp/products/4940226738?itemId=6507307553&vendorItemId=73801508456&sourceType=CAMPAIGN&campaignId=82&categoryId=445759",
    "image": "https://thumbnail9.coupangcdn.com/thumbnails/remote/230x230ex/image/retail/images/2021/02/04/15/3/abf7666a-99f2-4049-a40f-5db3ac165dea.jpg",
    "name": "웰니스 전연령용 코어 시그니쳐 셀렉트 슈레드 12p, 닭고기와 칠면조, 79g",
    "price": [
      "20,200원",
      "내일(토) 7/3 도착 보장",
      "내일(토) 새벽 도착 보장"
    ],
    "id": 462
  },
  {
    "link": "https://www.coupang.com/vp/products/4963646213?itemId=6578079257&vendorItemId=73872090498&sourceType=CAMPAIGN&campaignId=82&categoryId=445759",
    "image": "https://thumbnail9.coupangcdn.com/thumbnails/remote/230x230ex/image/rs_quotation_api/ky1pu3w4/4eb845d79fe94ae8bc8ae3db6fcaccfc.jpg",
    "name": "뉴트리언스 고양이 그레인프리 오션피쉬 건식사료, 생선, 5kg",
    "price": [
      "49,500원",
      "내일(토) 7/3 도착 보장",
      "내일(토) 새벽 도착 보장"
    ],
    "id": 463
  },
  {
    "link": "https://www.coupang.com/vp/products/1893467137?itemId=3216882812&vendorItemId=71204178283&sourceType=CAMPAIGN&campaignId=82&categoryId=445759",
    "image": "https://thumbnail6.coupangcdn.com/thumbnails/remote/230x230ex/image/retail/images/2020/07/24/11/6/4204a42f-26fe-4a67-a2a8-6b28497e3c56.jpg",
    "name": "퍼시캣 전연령용 고양이 레시피 사료, 생선, 4.54kg",
    "price": [
      "10% 62,000",
      "55,800원",
      "(100g당 1,229원)",
      "내일(토) 7/3 도착 보장",
      "내일(토) 새벽 도착 보장"
    ],
    "id": 464
  },
  {
    "link": "https://www.coupang.com/vp/products/4940226681?itemId=6507307494&vendorItemId=73801508365&sourceType=CAMPAIGN&campaignId=82&categoryId=445759",
    "image": "https://thumbnail9.coupangcdn.com/thumbnails/remote/230x230ex/image/retail/images/2021/02/04/15/5/70b52225-cbde-4791-a42b-7d9d8b18516c.jpg",
    "name": "웰니스 전연령용 코어 시그니쳐 셀렉트 플레이크 12p, 참치와 연어, 79g",
    "price": [
      "20,200원",
      "내일(토) 7/3 도착 보장",
      "내일(토) 새벽 도착 보장"
    ],
    "id": 465
  },
  {
    "link": "https://www.coupang.com/vp/products/2486840?itemId=11459989&vendorItemId=75765646668&sourceType=CAMPAIGN&campaignId=82&categoryId=445759",
    "image": "https://thumbnail10.coupangcdn.com/thumbnails/remote/230x230ex/image/product/image/vendoritem/2019/05/03/3000429651/fd39b02f-c75c-40c7-8c9c-f55e2b1a3b72.jpg",
    "name": "나우프레쉬 시니어 그레인프리 CF 고양이 건식사료, 7.26kg, 1개",
    "price": [
      "90,000원",
      "(100g당 1,240원)",
      "내일(토) 7/3 도착 보장",
      "내일(토) 새벽 도착 보장"
    ],
    "id": 466
  },
  {
    "link": "https://www.coupang.com/vp/products/4632933080?itemId=5754131756&vendorItemId=73052738777&sourceType=CAMPAIGN&campaignId=82&categoryId=445759",
    "image": "https://thumbnail7.coupangcdn.com/thumbnails/remote/230x230ex/image/rs_quotation_api/opmu7wja/6e27ecd797f047c89a56dd15a33509a7.jpg",
    "name": "콤비네이션 전연령 반려묘 건식사료, 오리, 5kg",
    "price": [
      "16,020원",
      "내일(토) 7/3 도착 보장"
    ],
    "id": 467
  },
  {
    "link": "https://www.coupang.com/vp/products/1739025777?itemId=2960751480&vendorItemId=70949227752&sourceType=CAMPAIGN&campaignId=82&categoryId=445759",
    "image": "https://thumbnail10.coupangcdn.com/thumbnails/remote/230x230ex/image/retail/images/2020/06/18/11/7/f74357d3-051e-4267-a1f4-55fe50034548.jpg",
    "name": "퍼시캣 3개월이상 프리미엄 고양이 주식캔 24p, 참치 앤 오션피쉬 포뮬라, 80g",
    "price": [
      "60,000원",
      "(100g당 3,125원)",
      "내일(토) 7/3 도착 보장",
      "내일(토) 새벽 도착 보장"
    ],
    "id": 468
  },
  {
    "link": "https://www.coupang.com/vp/products/1739025777?itemId=2960751478&vendorItemId=70949227732&sourceType=CAMPAIGN&campaignId=82&categoryId=445759",
    "image": "https://thumbnail10.coupangcdn.com/thumbnails/remote/230x230ex/image/retail/images/2020/06/18/11/8/9a47c661-8928-40df-82f0-f0b8a5d83a4b.jpg",
    "name": "퍼시캣 3개월이상 프리미엄 고양이 주식캔 24p, 참치 앤 쉬림프 포뮬라, 80g",
    "price": [
      "60,000원",
      "(100g당 3,125원)",
      "내일(토) 7/3 도착 보장",
      "내일(토) 새벽 도착 보장"
    ],
    "id": 469
  },
  {
    "link": "https://www.coupang.com/vp/products/1739025777?itemId=2960751481&vendorItemId=70949227779&sourceType=CAMPAIGN&campaignId=82&categoryId=445759",
    "image": "https://thumbnail8.coupangcdn.com/thumbnails/remote/230x230ex/image/retail/images/2020/06/18/11/9/6f6114f8-0387-41fc-8917-64361b0abfc3.jpg",
    "name": "퍼시캣 3개월이상 프리미엄 고양이 주식캔 24p, 참치 앤 조개 포뮬라, 80g",
    "price": [
      "60,000원",
      "(100g당 3,125원)",
      "내일(토) 7/3 도착 보장",
      "내일(토) 새벽 도착 보장"
    ],
    "id": 470
  },
  {
    "link": "https://www.coupang.com/vp/products/1739025777?itemId=2960751482&vendorItemId=70949227810&sourceType=CAMPAIGN&campaignId=82&categoryId=445759",
    "image": "https://thumbnail10.coupangcdn.com/thumbnails/remote/230x230ex/image/retail/images/2020/06/18/11/5/771f0022-784a-43b5-862d-e35ea6193f5c.jpg",
    "name": "퍼시캣 3개월이상 프리미엄 고양이 주식캔 24p, 참치 앤 연어 포뮬라, 80g",
    "price": [
      "60,000원",
      "(100g당 3,125원)",
      "내일(토) 7/3 도착 보장",
      "내일(토) 새벽 도착 보장"
    ],
    "id": 471
  },
  {
    "link": "https://www.coupang.com/vp/products/26007376?itemId=101143690&vendorItemId=3187225389&sourceType=CAMPAIGN&campaignId=82&categoryId=445759",
    "image": "https://thumbnail8.coupangcdn.com/thumbnails/remote/230x230ex/image/retail/images/2017/07/05/14/1/8b7304e7-d469-4b23-b786-af134be824e1.jpg",
    "name": "프로바이트캣 고양이사료 전연령용 헤어볼 컨트롤, 7.5kg, 1개",
    "price": [
      "30% 26,000",
      "18,100원",
      "(100g당 241원)",
      "내일(토) 7/3 도착 보장",
      "내일(토) 새벽 도착 보장"
    ],
    "id": 472
  },
  {
    "link": "https://www.coupang.com/vp/products/1251783883?itemId=2251248815&vendorItemId=70248622850&sourceType=CAMPAIGN&campaignId=82&categoryId=445759",
    "image": "https://thumbnail9.coupangcdn.com/thumbnails/remote/230x230ex/image/retail/images/672316894936968-da312ad4-1ad7-480a-aae2-ffe2d172287c.jpg",
    "name": "치킨수프 클래식 어덜트 캣 닭고기와 현미 건식사료, 닭, 2.04kg",
    "price": [
      "와우할인가 | 50% 33,000",
      "16,180원",
      "(100g당 793원)",
      "내일(토) 7/3 도착 보장",
      "내일(토) 새벽 도착 보장"
    ],
    "id": 473
  },
  {
    "link": "https://www.coupang.com/vp/products/1251783966?itemId=2251248886&vendorItemId=70248622912&sourceType=CAMPAIGN&campaignId=82&categoryId=445759",
    "image": "https://thumbnail9.coupangcdn.com/thumbnails/remote/230x230ex/image/retail/images/2020/02/06/11/6/db262858-72d2-4396-a084-f0aac6f6b7e0.jpg",
    "name": "치킨수프 클래식 웨이트 머츄어케어 캣 닭고기와 현미 건식사료, 닭, 6.12kg",
    "price": [
      "와우할인가 | 41% 79,000",
      "46,080원",
      "(100g당 753원)",
      "내일(토) 7/3 도착 보장",
      "내일(토) 새벽 도착 보장"
    ],
    "id": 474
  },
  {
    "link": "https://www.coupang.com/vp/products/21527489?itemId=84077530&vendorItemId=3143106116&sourceType=CAMPAIGN&campaignId=82&categoryId=445759",
    "image": "https://thumbnail7.coupangcdn.com/thumbnails/remote/230x230ex/image/retail/images/2017/05/11/10/8/1be13b89-9ecf-41ce-a8c3-b85eb6f957fb.jpg",
    "name": "씨씨펫 아보덤 인도어 헤어볼 치킨 & 청어 고양이 사료, 2kg, 1개",
    "price": [
      "21% 29,720",
      "23,340원",
      "(100g당 1,167원)",
      "내일(토) 7/3 도착 보장",
      "내일(토) 새벽 도착 보장"
    ],
    "id": 475
  },
  {
    "link": "https://www.coupang.com/vp/products/127829?itemId=235221&vendorItemId=3000167959&sourceType=CAMPAIGN&campaignId=82&categoryId=445759",
    "image": "https://thumbnail8.coupangcdn.com/thumbnails/remote/230x230ex/image/product/image/vendoritem/2019/02/19/3000167959/13bf05d5-1797-4183-9870-729875fb6689.jpg",
    "name": "[트로벳] KMS 어린 고양이분유, 400g",
    "price": [
      "와우할인가 | 36% 40,000",
      "25,390원",
      "(10g당 635원)",
      "내일(토) 7/3 도착 보장",
      "내일(토) 새벽 도착 보장"
    ],
    "id": 476
  },
  {
    "link": "https://www.coupang.com/vp/products/560853?itemId=29290063&vendorItemId=3001754759&sourceType=CAMPAIGN&campaignId=82&categoryId=445759",
    "image": "https://thumbnail9.coupangcdn.com/thumbnails/remote/230x230ex/image/product/image/vendoritem/2016/08/09/3001754759/23637324-9935-475c-9969-aff8ae59cc3b.jpg",
    "name": "토탈 이퀄리브리오 고양이 사료, 어덜트캣, 1.5kg",
    "price": [
      "16,900원",
      "(100g당 1,127원)",
      "내일(토) 7/3 도착 보장",
      "내일(토) 새벽 도착 보장"
    ],
    "id": 477
  },
  {
    "link": "https://www.coupang.com/vp/products/560853?itemId=29290064&vendorItemId=3001754761&sourceType=CAMPAIGN&campaignId=82&categoryId=445759",
    "image": "https://thumbnail7.coupangcdn.com/thumbnails/remote/230x230ex/image/product/image/vendoritem/2016/08/09/3001754761/603e0acd-8d55-4410-96bc-82c4bde8f883.jpg",
    "name": "토탈 이퀄리브리오 고양이 사료, 어덜트캣 연어, 1.5kg",
    "price": [
      "4% 17,730",
      "16,900원",
      "(100g당 1,127원)",
      "내일(토) 7/3 도착 보장",
      "내일(토) 새벽 도착 보장"
    ],
    "id": 478
  },
  {
    "link": "https://www.coupang.com/vp/products/823268?itemId=3231692&vendorItemId=3000106362&sourceType=CAMPAIGN&campaignId=82&categoryId=445759",
    "image": "https://thumbnail8.coupangcdn.com/thumbnails/remote/230x230ex/image/product/image/vendoritem/2019/02/15/3000106362/557e3b3d-a961-4d9e-91bd-7ce750cffe03.jpg",
    "name": "트로벳 ASD 결석용 고양이 처방식사료, 500g, 1개",
    "price": [
      "와우할인가 | 46% 13,000",
      "6,950원",
      "(100g당 1,390원)",
      "내일(토) 7/3 도착 보장",
      "내일(토) 새벽 도착 보장"
    ],
    "id": 479
  },
  {
    "link": "https://www.coupang.com/vp/products/5156684375?itemId=7094513152&vendorItemId=74386474134&sourceType=CAMPAIGN&campaignId=82&categoryId=445759",
    "image": "https://thumbnail7.coupangcdn.com/thumbnails/remote/230x230ex/image/rs_quotation_api/fa1cwkp4/95b14537ef834f41a853c1584813f18c.jpg",
    "name": "웨루바 전연령용 캣츠인더키친 습식사료 24p, 90g, 펑크 인더 트렁크",
    "price": [
      "57,000원",
      "내일(토) 7/3 도착 보장",
      "내일(토) 새벽 도착 보장"
    ],
    "id": 480
  },
  {
    "link": "https://www.coupang.com/vp/products/5156684375?itemId=7094513158&vendorItemId=74386474147&sourceType=CAMPAIGN&campaignId=82&categoryId=445759",
    "image": "https://thumbnail8.coupangcdn.com/thumbnails/remote/230x230ex/image/rs_quotation_api/g3ywlumz/f643868c96a74dc6ae4e81387a38c957.jpg",
    "name": "웨루바 전연령용 캣츠인더키친 습식사료 24p, 90g, 치킨 프리카세",
    "price": [
      "57,000원",
      "내일(토) 7/3 도착 보장",
      "내일(토) 새벽 도착 보장"
    ],
    "id": 481
  },
  {
    "link": "https://www.coupang.com/vp/products/5156684375?itemId=7094513162&vendorItemId=74386474156&sourceType=CAMPAIGN&campaignId=82&categoryId=445759",
    "image": "https://thumbnail7.coupangcdn.com/thumbnails/remote/230x230ex/image/rs_quotation_api/xlktkh1t/0a3cf3c2ab894bb9a7d3f58763682ab4.jpg",
    "name": "웨루바 전연령용 캣츠인더키친 습식사료 24p, 90g, 키티 건 와일드",
    "price": [
      "57,000원",
      "내일(토) 7/3 도착 보장",
      "내일(토) 새벽 도착 보장"
    ],
    "id": 482
  },
  {
    "link": "https://www.coupang.com/vp/products/5156684375?itemId=7094513141&vendorItemId=74386474098&sourceType=CAMPAIGN&campaignId=82&categoryId=445759",
    "image": "https://thumbnail8.coupangcdn.com/thumbnails/remote/230x230ex/image/rs_quotation_api/0dot3zwt/afc26c9f11184432b144820fd729569c.jpg",
    "name": "웨루바 전연령용 캣츠인더키친 습식사료 24p, 90g, 라 이슬라 보니타",
    "price": [
      "57,000원",
      "내일(토) 7/3 도착 보장",
      "내일(토) 새벽 도착 보장"
    ],
    "id": 483
  },
  {
    "link": "https://www.coupang.com/vp/products/4868313797?itemId=6322204214&vendorItemId=73617647352&sourceType=CAMPAIGN&campaignId=82&categoryId=445759",
    "image": "https://thumbnail6.coupangcdn.com/thumbnails/remote/230x230ex/image/retail/images/2021/01/25/13/7/5de78582-32f6-422e-ab6e-ab98eb77da94.jpg",
    "name": "모찌네 고양이캔 츄릅 주식캔 24p, 참치 + 맛살 혼합맛, 160g",
    "price": [
      "와우할인가 | 5% 18,740",
      "17,800원",
      "내일(토) 7/3 도착 보장",
      "내일(토) 새벽 도착 보장"
    ],
    "id": 484
  },
  {
    "link": "https://www.coupang.com/vp/products/190653381?itemId=544849009&vendorItemId=4427504438&sourceType=CAMPAIGN&campaignId=82&categoryId=445759",
    "image": "https://thumbnail6.coupangcdn.com/thumbnails/remote/230x230ex/image/retail/images/2019/02/25/10/3/492eb5d4-71c5-4d56-989b-ac4c1dab65a2.jpg",
    "name": "빈티지오븐프레쉬 칠면조 & 청어 고양이 사료, 4.54kg, 1개",
    "price": [
      "125,000원",
      "(100g당 2,753원)",
      "내일(토) 7/3 도착 보장",
      "내일(토) 새벽 도착 보장"
    ],
    "id": 485
  },
  {
    "link": "https://www.coupang.com/vp/products/4782087918?itemId=6115985717&vendorItemId=73412247574&sourceType=CAMPAIGN&campaignId=82&categoryId=445759",
    "image": "https://thumbnail9.coupangcdn.com/thumbnails/remote/230x230ex/image/rs_quotation_api/kccmdofm/b03f5934666544ec92667efdd16c4c0e.png",
    "name": "펫트리온 츄르 강아지 고양이 간식 4p, 연어, 50g",
    "price": [
      "18,000원",
      "내일(토) 7/3 도착 보장",
      "내일(토) 새벽 도착 보장"
    ],
    "id": 486
  },
  {
    "link": "https://www.coupang.com/vp/products/823030?itemId=3230701&vendorItemId=3000106340&sourceType=CAMPAIGN&campaignId=82&categoryId=445759",
    "image": "https://thumbnail7.coupangcdn.com/thumbnails/remote/230x230ex/image/product/image/vendoritem/2016/05/09/3000106340/4eaa588c-9fe5-4ea1-92ee-311511bde426.jpg",
    "name": "트로벳 비만 당뇨 WRD 처방사료, 500g, 1개",
    "price": [
      "와우할인가 | 27% 14,000",
      "10,120원",
      "(100g당 2,024원)",
      "내일(토) 7/3 도착 보장",
      "내일(토) 새벽 도착 보장"
    ],
    "id": 487
  },
  {
    "link": "https://www.coupang.com/vp/products/1980421658?itemId=3369524963&vendorItemId=71356243686&sourceType=CAMPAIGN&campaignId=82&categoryId=445759",
    "image": "https://thumbnail6.coupangcdn.com/thumbnails/remote/230x230ex/image/retail/images/2020/08/20/10/4/c2bec5c2-2594-4d22-9cc5-6d8d2f920c1f.jpg",
    "name": "아딜론덱 전연령 GF LID 고양이 건식사료, 닭, 4.98kg",
    "price": [
      "82,800원",
      "(100g당 1,663원)",
      "내일(토) 7/3 도착 보장",
      "내일(토) 새벽 도착 보장"
    ],
    "id": 488
  },
  {
    "link": "https://www.coupang.com/vp/products/1894829263?itemId=3219108230&vendorItemId=71206389938&sourceType=CAMPAIGN&campaignId=82&categoryId=445759",
    "image": "https://thumbnail9.coupangcdn.com/thumbnails/remote/230x230ex/image/retail/images/2020/07/22/14/5/5c153be3-eb6f-415a-abd6-6b52e5ad45c9.jpg",
    "name": "퍼스트초이스 어덜트용 고양이 웨이트컨트롤 건식사료, 닭, 2.72kg",
    "price": [
      "29,970원",
      "(100g당 1,102원)",
      "내일(토) 7/3 도착 보장",
      "내일(토) 새벽 도착 보장"
    ],
    "id": 489
  },
  {
    "link": "https://www.coupang.com/vp/products/1739025835?itemId=2960751585&vendorItemId=70949227928&sourceType=CAMPAIGN&campaignId=82&categoryId=445759",
    "image": "https://thumbnail7.coupangcdn.com/thumbnails/remote/230x230ex/image/retail/images/2020/06/18/11/0/9054bbf0-b9b7-43d9-aef5-fe87b8c37145.jpg",
    "name": "퍼시캣 3개월이상 슈퍼프리미엄 고양이 주식캔 24p, 치킨 앤 비프 포뮬라, 80g",
    "price": [
      "64,800원",
      "(100g당 3,375원)",
      "내일(토) 7/3 도착 보장",
      "내일(토) 새벽 도착 보장"
    ],
    "id": 490
  },
  {
    "link": "https://www.coupang.com/vp/products/1739025835?itemId=2960751587&vendorItemId=70949227972&sourceType=CAMPAIGN&campaignId=82&categoryId=445759",
    "image": "https://thumbnail8.coupangcdn.com/thumbnails/remote/230x230ex/image/retail/images/2020/06/24/10/3/841d95e9-375b-443a-baf9-5ba47cb68b0b.jpg",
    "name": "퍼시캣 3개월이상 슈퍼프리미엄 고양이 주식캔 24p, 치킨 앤 오리 포뮬라, 80g",
    "price": [
      "64,800원",
      "(100g당 3,375원)",
      "내일(토) 7/3 도착 보장",
      "내일(토) 새벽 도착 보장"
    ],
    "id": 491
  },
  {
    "link": "https://www.coupang.com/vp/products/822887?itemId=3230892&vendorItemId=3000106199&sourceType=CAMPAIGN&campaignId=82&categoryId=445759",
    "image": "https://thumbnail7.coupangcdn.com/thumbnails/remote/230x230ex/image/product/image/vendoritem/2015/05/13/3000106199/6d1315e1-f3e2-4613-a3d4-01312d04ab4c.jpg",
    "name": "트로벳 피부질환개선 RRD애묘용 처방식사료, 500g, 1개",
    "price": [
      "와우할인가 | 32% 15,000",
      "10,070원",
      "(100g당 2,014원)",
      "내일(토) 7/3 도착 보장",
      "내일(토) 새벽 도착 보장"
    ],
    "id": 492
  },
  {
    "link": "https://www.coupang.com/vp/products/9318?itemId=22496&vendorItemId=3000452559&sourceType=CAMPAIGN&campaignId=82&categoryId=445759",
    "image": "https://thumbnail7.coupangcdn.com/thumbnails/remote/230x230ex/image/product/image/vendoritem/2015/10/16/3000452559/75aabc87-1699-45e2-a7c7-6bc3a385b00f.jpg",
    "name": "캐비 어덜트 고양이 사료, 1.5kg, 1개",
    "price": [
      "43% 12,000",
      "6,740원",
      "(100g당 449원)",
      "내일(토) 7/3 도착 보장",
      "내일(토) 새벽 도착 보장"
    ],
    "id": 493
  },
  {
    "link": "https://www.coupang.com/vp/products/26806635?itemId=105461203&vendorItemId=3202267828&sourceType=CAMPAIGN&campaignId=82&categoryId=445759",
    "image": "https://thumbnail6.coupangcdn.com/thumbnails/remote/230x230ex/image/product/image/vendoritem/2019/03/22/3202267828/7b21a244-1ff0-4cea-8749-dcecef5be823.jpg",
    "name": "네이처스버라이어티 생식본능 오리지날 연어 고양이사료, 4.5kg, 1개",
    "price": [
      "25% 95,000",
      "70,460원",
      "(100g당 1,566원)",
      "내일(토) 7/3 도착 보장",
      "내일(토) 새벽 도착 보장",
      "새 상품, 박스 훼손 (3) 최저 56,360원"
    ],
    "id": 494
  },
  {
    "link": "https://www.coupang.com/vp/products/2269893545?itemId=3892451700&vendorItemId=71877069759&sourceType=CAMPAIGN&campaignId=82&categoryId=445759",
    "image": "https://thumbnail9.coupangcdn.com/thumbnails/remote/230x230ex/image/retail/images/2020/10/20/17/2/d9ee5020-1672-4993-ae99-e60429dfc46e.jpg",
    "name": "궁 동결건조 자연식 고양이 사료 기호성 테스트용 6p, 닭가슴살, 10g",
    "price": [
      "12,700원",
      "내일(토) 7/3 도착 보장",
      "내일(토) 새벽 도착 보장"
    ],
    "id": 495
  },
  {
    "link": "https://www.coupang.com/vp/products/1476938980?itemId=2537913449&vendorItemId=70530735822&sourceType=CAMPAIGN&campaignId=82&categoryId=445759",
    "image": "https://thumbnail6.coupangcdn.com/thumbnails/remote/230x230ex/image/retail/images/2020/04/09/16/5/9f40f261-c1bf-4766-af6e-4dbaf5a184d9.jpg",
    "name": "보레알 전연령 오리지널 캣 건식사료, 칠면조, 5.44kg",
    "price": [
      "61,240원",
      "(100g당 1,126원)",
      "내일(토) 7/3 도착 보장",
      "내일(토) 새벽 도착 보장"
    ],
    "id": 496
  },
  {
    "link": "https://www.coupang.com/vp/products/5493309034?itemId=8512425137&vendorItemId=75799887736&sourceType=CAMPAIGN&campaignId=82&categoryId=445759",
    "image": "https://thumbnail10.coupangcdn.com/thumbnails/remote/230x230ex/image/rs_quotation_api/m328secp/09954ff12c2a4f42a0b31d71b39e50e4.jpg",
    "name": "뉴로 고양이 시니어용 프리스타일 그레인프리 건식 사료 명태오리 앤 고구마 2p, 5.44kg, 생선",
    "price": [
      "132,000원",
      "내일(토) 7/3 도착 보장",
      "내일(토) 새벽 도착 보장"
    ],
    "id": 497
  },
  {
    "link": "https://www.coupang.com/vp/products/1960517613?itemId=3332012671&vendorItemId=71318833871&sourceType=CAMPAIGN&campaignId=82&categoryId=445759",
    "image": "https://thumbnail9.coupangcdn.com/thumbnails/remote/230x230ex/image/retail/images/2020/08/12/11/1/c97cd7b6-3f97-41ca-9228-33394a1944d2.jpg",
    "name": "산시아 콩고 어덜트 고양이 건식사료, 생선, 15kg",
    "price": [
      "59,000원",
      "(100g당 393원)",
      "내일(토) 7/3 도착 보장",
      "내일(토) 새벽 도착 보장"
    ],
    "id": 498
  },
  {
    "link": "https://www.coupang.com/vp/products/1894829248?itemId=3219108197&vendorItemId=71206389879&sourceType=CAMPAIGN&campaignId=82&categoryId=445759",
    "image": "https://thumbnail10.coupangcdn.com/thumbnails/remote/230x230ex/image/retail/images/2020/07/22/14/4/cefd383b-0d97-4a03-988f-6257e6174269.jpg",
    "name": "퍼스트초이스 어덜트용 고양이 인도어바이탈러티 건식사료, 닭, 5.44kg",
    "price": [
      "41,990원",
      "(100g당 772원)",
      "내일(토) 7/3 도착 보장",
      "내일(토) 새벽 도착 보장"
    ],
    "id": 499
  },
  {
    "link": "https://www.coupang.com/vp/products/201859?itemId=16196637&vendorItemId=3000106157&sourceType=CAMPAIGN&campaignId=82&categoryId=445759",
    "image": "https://thumbnail6.coupangcdn.com/thumbnails/remote/230x230ex/image/product/image/vendoritem/2019/03/21/3000106157/c1b620a0-ab10-415b-91b1-9f03cfb6263c.jpg",
    "name": "트로벳 레날 앤 옥살레이트 신장질환 결석예방 처방사료, 3kg, 1개",
    "price": [
      "와우할인가 | 32% 60,000",
      "40,370원",
      "(100g당 1,346원)",
      "내일(토) 7/3 도착 보장",
      "내일(토) 새벽 도착 보장"
    ],
    "id": 500
  },
  {
    "link": "https://www.coupang.com/vp/products/2380057276?itemId=4151087802&vendorItemId=72134996049&sourceType=CAMPAIGN&campaignId=82&categoryId=445759",
    "image": "https://thumbnail6.coupangcdn.com/thumbnails/remote/230x230ex/image/retail/images/2020/10/22/20/6/cc4383cf-a226-4991-9726-55a599abd92d.jpg",
    "name": "아르테미스 전연령용 HIT 살몬앤스노우크랩 고양이 건식사료, 생선, 4.53kg",
    "price": [
      "5% 70,000",
      "66,150원",
      "내일(토) 7/3 도착 보장"
    ],
    "id": 501
  },
  {
    "link": "https://www.coupang.com/vp/products/1960517605?itemId=3332012600&vendorItemId=71318833837&sourceType=CAMPAIGN&campaignId=82&categoryId=445759",
    "image": "https://thumbnail6.coupangcdn.com/thumbnails/remote/230x230ex/image/retail/images/2020/08/12/11/0/4b1f5675-db2a-4912-bfe0-84481740608e.jpg",
    "name": "산시아 콩고 어덜트 고양이 건식사료 4p, 비프 앤 치킨, 500g",
    "price": [
      "12,000원",
      "(100g당 600원)",
      "내일(토) 7/3 도착 보장",
      "내일(토) 새벽 도착 보장"
    ],
    "id": 502
  },
  {
    "link": "https://www.coupang.com/vp/products/3230209?itemId=8284118&vendorItemId=3011490007&sourceType=CAMPAIGN&campaignId=82&categoryId=445759",
    "image": "https://thumbnail9.coupangcdn.com/thumbnails/remote/230x230ex/image/retail/images/44646126192890-b5c5bf6b-8128-426d-a14c-c74b86d99ca0.jpg",
    "name": "컴페니언펫츠클래식 닭고기 고양이 사료, 1.5kg, 1개",
    "price": [
      "45% 12,000",
      "6,500원",
      "(100g당 433원)",
      "내일(토) 7/3 도착 보장",
      "내일(토) 새벽 도착 보장"
    ],
    "id": 503
  },
  {
    "link": "https://www.coupang.com/vp/products/3240450?itemId=11746911&vendorItemId=3017802386&sourceType=CAMPAIGN&campaignId=82&categoryId=445759",
    "image": "https://thumbnail6.coupangcdn.com/thumbnails/remote/230x230ex/image/product/image/vendoritem/2016/05/09/3017802386/29c136d7-be0f-4076-a403-8e191018d1bc.jpg",
    "name": "올가밀 홀리스틱 캣35 고양이 사료 씨푸드&참치, 1kg, 2개",
    "price": [
      "와우할인가 | 5% 20,140",
      "19,130원",
      "(100g당 957원)",
      "내일(토) 7/3 도착 보장",
      "내일(토) 새벽 도착 보장"
    ],
    "id": 504
  },
  {
    "link": "https://www.coupang.com/vp/products/3240450?itemId=355135&vendorItemId=3000261779&sourceType=CAMPAIGN&campaignId=82&categoryId=445759",
    "image": "https://thumbnail7.coupangcdn.com/thumbnails/remote/230x230ex/image/product/image/vendoritem/2015/04/29/3000261779/5e31b8bf-33ad-4a07-bcd9-63e255482a24.jpg",
    "name": "올가밀 홀리스틱 캣35 고양이 사료 씨푸드&참치, 6.5kg, 1개",
    "price": [
      "와우할인가 | 41% 69,000",
      "40,370원",
      "(100g당 621원)",
      "내일(토) 7/3 도착 보장",
      "내일(토) 새벽 도착 보장"
    ],
    "id": 505
  },
  {
    "link": "https://www.coupang.com/vp/products/193632?itemId=11746912&vendorItemId=3017802387&sourceType=CAMPAIGN&campaignId=82&categoryId=445759",
    "image": "https://thumbnail10.coupangcdn.com/thumbnails/remote/230x230ex/image/product/image/vendoritem/2016/05/09/3017802387/a99137e0-6def-4af5-9327-544dbc881538.jpg",
    "name": "올가밀 캣35 고양이 사료 씨푸드&연어, 1kg, 2개",
    "price": [
      "와우할인가 | 5% 20,140",
      "19,130원",
      "(100g당 957원)",
      "내일(토) 7/3 도착 보장",
      "내일(토) 새벽 도착 보장"
    ],
    "id": 506
  },
  {
    "link": "https://www.coupang.com/vp/products/193632?itemId=27086667&vendorItemId=3000261774&sourceType=CAMPAIGN&campaignId=82&categoryId=445759",
    "image": "https://thumbnail10.coupangcdn.com/thumbnails/remote/230x230ex/image/product/image/vendoritem/2016/05/09/3000261774/b5b4f76e-d897-48db-af15-0e01d95a13e1.jpg",
    "name": "올가밀 캣35 고양이 사료 씨푸드&연어, 1kg, 1개",
    "price": [
      "와우할인가 | 38% 14,500",
      "8,850원",
      "(100g당 885원)",
      "내일(토) 7/3 도착 보장",
      "내일(토) 새벽 도착 보장"
    ],
    "id": 507
  },
  {
    "link": "https://www.coupang.com/vp/products/3240451?itemId=16278799&vendorItemId=3000155450&sourceType=CAMPAIGN&campaignId=82&categoryId=445759",
    "image": "https://thumbnail6.coupangcdn.com/thumbnails/remote/230x230ex/image/product/image/vendoritem/2016/05/09/3000155450/a8a786ed-0c9b-4278-b18b-f993d7797699.jpg",
    "name": "올가밀 홀리스틱 캣35 전연령 고양이 사료, 1kg, 1개",
    "price": [
      "와우할인가 | 42% 14,500",
      "8,410원",
      "(100g당 841원)",
      "내일(토) 7/3 도착 보장",
      "내일(토) 새벽 도착 보장"
    ],
    "id": 508
  },
  {
    "link": "https://www.coupang.com/vp/products/1432470823?itemId=2474047246&vendorItemId=70467415983&sourceType=CAMPAIGN&campaignId=82&categoryId=445759",
    "image": "https://thumbnail7.coupangcdn.com/thumbnails/remote/230x230ex/image/retail/images/2020/04/06/18/7/7e62a12d-b702-4d3e-9b65-379650c9352e.jpg",
    "name": "보나시보 어덜트 고양이 건식 사료, 램 + 라이스, 2kg",
    "price": [
      "15,570원",
      "(100g당 779원)",
      "내일(토) 7/3 도착 보장",
      "내일(토) 새벽 도착 보장"
    ],
    "id": 509
  },
  {
    "link": "https://www.coupang.com/vp/products/1432470823?itemId=2474047247&vendorItemId=70467416009&sourceType=CAMPAIGN&campaignId=82&categoryId=445759",
    "image": "https://thumbnail8.coupangcdn.com/thumbnails/remote/230x230ex/image/retail/images/2020/04/03/15/5/f934d04e-3b16-4ab1-9cab-b79f6d1b417a.jpg",
    "name": "보나시보 어덜트 고양이 건식 사료, 라이트 + 스테럴라이즈드, 5kg",
    "price": [
      "2% 32,870",
      "32,170원",
      "(100g당 643원)",
      "내일(토) 7/3 도착 보장",
      "내일(토) 새벽 도착 보장"
    ],
    "id": 510
  },
  {
    "link": "https://www.coupang.com/vp/products/1432470823?itemId=2474047248&vendorItemId=70467416025&sourceType=CAMPAIGN&campaignId=82&categoryId=445759",
    "image": "https://thumbnail6.coupangcdn.com/thumbnails/remote/230x230ex/image/retail/images/2020/04/06/18/2/690b1841-4833-4aba-be7a-56ecc6e1c1d7.jpg",
    "name": "보나시보 어덜트 고양이 건식 사료, 라이트 + 스테럴라이즈드, 2kg",
    "price": [
      "15,570원",
      "(100g당 779원)",
      "내일(토) 7/3 도착 보장",
      "내일(토) 새벽 도착 보장"
    ],
    "id": 511
  },
  {
    "link": "https://www.coupang.com/vp/products/110474891?itemId=333137707&vendorItemId=3817789317&sourceType=CAMPAIGN&campaignId=82&categoryId=445759",
    "image": "https://thumbnail10.coupangcdn.com/thumbnails/remote/230x230ex/image/product/image/vendoritem/2019/02/18/3817789317/5292848c-b888-4313-9853-c101958ac333.jpg",
    "name": "미유미유 참치 토핑 닭고기 인 젤리 고양이 캔, 185g, 12개",
    "price": [
      "21% 15,600",
      "12,290원",
      "(100g당 554원)",
      "내일(토) 7/3 도착 보장",
      "내일(토) 새벽 도착 보장"
    ],
    "id": 512
  },
  {
    "link": "https://www.coupang.com/vp/products/822283?itemId=3225354&vendorItemId=3011468428&sourceType=CAMPAIGN&campaignId=82&categoryId=445759",
    "image": "https://thumbnail10.coupangcdn.com/thumbnails/remote/230x230ex/image/product/image/vendoritem/2019/02/11/3011468428/1333ff7b-22e4-416d-b5ed-79e6c0a58c14.jpg",
    "name": "뉴-MeO 시푸드 고양이 건식사료, 1.3kg, 1개",
    "price": [
      "와우할인가 | 32% 13,000",
      "8,730원",
      "(100g당 672원)",
      "내일(토) 7/3 도착 보장",
      "내일(토) 새벽 도착 보장"
    ],
    "id": 513
  },
  {
    "link": "https://www.coupang.com/vp/products/2228614431?itemId=3802002468&vendorItemId=71786972282&sourceType=CAMPAIGN&campaignId=82&categoryId=445759",
    "image": "https://thumbnail9.coupangcdn.com/thumbnails/remote/230x230ex/image/retail/images/2020/10/12/18/2/fe5444d8-60cb-4fc3-9621-e7af21466cfc.jpg",
    "name": "네이처스버라이어티 어덜트용 생식본능 고양이 LID 건식 사료, 토끼, 4.5kg",
    "price": [
      "7% 81,290",
      "75,100원",
      "(100g당 1,669원)",
      "내일(토) 7/3 도착 보장",
      "내일(토) 새벽 도착 보장"
    ],
    "id": 514
  },
  {
    "link": "https://www.coupang.com/vp/products/119860?itemId=223698&vendorItemId=3000155452&sourceType=CAMPAIGN&campaignId=82&categoryId=445759",
    "image": "https://thumbnail9.coupangcdn.com/thumbnails/remote/230x230ex/image/product/image/vendoritem/2015/04/24/3000155452/7b9bcd28-6a98-421c-b1d9-47626a04d433.jpg",
    "name": "올가밀 홀리스틱 캣35 전연령 고양이 사료, 6.5kg, 1개",
    "price": [
      "즉시할인가 | 37% 69,000",
      "43,390원",
      "(100g당 668원)",
      "내일(토) 7/3 도착 보장",
      "내일(토) 새벽 도착 보장"
    ],
    "id": 515
  },
  {
    "link": "https://www.coupang.com/vp/products/119860?itemId=223697&vendorItemId=3000155451&sourceType=CAMPAIGN&campaignId=82&categoryId=445759",
    "image": "https://thumbnail7.coupangcdn.com/thumbnails/remote/230x230ex/image/product/image/vendoritem/2015/04/24/3000155451/d17dfd47-31ba-48e7-b5ac-558cdcd36e11.jpg",
    "name": "올가밀 홀리스틱 캣35 전연령 고양이 사료, 2.25kg, 1개",
    "price": [
      "즉시할인가 | 36% 27,500",
      "17,540원",
      "(100g당 780원)",
      "내일(토) 7/3 도착 보장",
      "내일(토) 새벽 도착 보장",
      "새 상품, 박스 훼손 (2) 최저 16,310원"
    ],
    "id": 516
  },
  {
    "link": "https://www.coupang.com/vp/products/5613353156?itemId=9076795024&vendorItemId=76363077064&sourceType=CAMPAIGN&campaignId=82&categoryId=445759",
    "image": "https://thumbnail10.coupangcdn.com/thumbnails/remote/230x230ex/image/rs_quotation_api/j71wa476/908efcd080cc407da6d4fc88d582611b.jpg",
    "name": "이퀼리브리오 캣 유리너리 건식사료, 2kg, 닭",
    "price": [
      "43,000원",
      "내일(토) 7/3 도착 보장",
      "내일(토) 새벽 도착 보장"
    ],
    "id": 517
  },
  {
    "link": "https://www.coupang.com/vp/products/5354112418?itemId=7882201259&vendorItemId=75171714874&sourceType=CAMPAIGN&campaignId=82&categoryId=445759",
    "image": "https://thumbnail7.coupangcdn.com/thumbnails/remote/230x230ex/image/rs_quotation_api/f9ew99yf/e624fe76e8034559b568787e9b0b5cc2.jpg",
    "name": "반려동물 더담은 오리와 고구마 수제간식, 오리, 1kg",
    "price": [
      "20,000원",
      "내일(토) 7/3 도착 보장",
      "내일(토) 새벽 도착 보장"
    ],
    "id": 518
  },
  {
    "link": "https://www.coupang.com/vp/products/5354112354?itemId=7882200989&vendorItemId=75171714683&sourceType=CAMPAIGN&campaignId=82&categoryId=445759",
    "image": "https://thumbnail8.coupangcdn.com/thumbnails/remote/230x230ex/image/rs_quotation_api/5csvca3i/1df2310180e14b78ae1a8c4f5f416115.jpg",
    "name": "반려동물 더담은 소프트 꽈배기 수제간식, 닭, 1kg",
    "price": [
      "20,000원",
      "내일(토) 7/3 도착 보장",
      "내일(토) 새벽 도착 보장"
    ],
    "id": 519
  },
  {
    "link": "https://www.coupang.com/vp/products/5354112335?itemId=7882200949&vendorItemId=75171714580&sourceType=CAMPAIGN&campaignId=82&categoryId=445759",
    "image": "https://thumbnail6.coupangcdn.com/thumbnails/remote/230x230ex/image/rs_quotation_api/jul5xvpz/a0b1e8129867454e833d29f9ac062c37.jpg",
    "name": "반려동물 더담은 숯불 꽈배기 수제간식, 닭, 1kg",
    "price": [
      "20,000원",
      "내일(토) 7/3 도착 보장"
    ],
    "id": 520
  },
  {
    "link": "https://www.coupang.com/vp/products/4962644999?itemId=6575777501&vendorItemId=73869804071&sourceType=CAMPAIGN&campaignId=82&categoryId=445759",
    "image": "https://thumbnail8.coupangcdn.com/thumbnails/remote/230x230ex/image/retail/images/2021/02/08/11/8/563cdc52-e111-469a-803e-4e7a1044098b.jpg",
    "name": "뉴트리언스 어덜트 인퓨전 헬씨 인도어 캣 동결 건조 사료, 닭, 5kg",
    "price": [
      "34,000원",
      "내일(토) 7/3 도착 보장"
    ],
    "id": 521
  },
  {
    "link": "https://www.coupang.com/vp/products/2160329204?itemId=3669909240&vendorItemId=71655300740&sourceType=CAMPAIGN&campaignId=82&categoryId=445759",
    "image": "https://thumbnail10.coupangcdn.com/thumbnails/remote/230x230ex/image/retail/images/2020/09/17/14/9/8cfb4e96-6ad8-4011-9ff6-e4782edaef31.jpg",
    "name": "테라펠리스 토끼와 브로콜리 클래식 고양이 습식사료 6p, 토끼, 100g",
    "price": [
      "25,000원",
      "(100g당 4,167원)",
      "내일(토) 7/3 도착 보장",
      "내일(토) 새벽 도착 보장"
    ],
    "id": 522
  },
  {
    "link": "https://www.coupang.com/vp/products/2160328964?itemId=3669908731&vendorItemId=71655300132&sourceType=CAMPAIGN&campaignId=82&categoryId=445759",
    "image": "https://thumbnail10.coupangcdn.com/thumbnails/remote/230x230ex/image/retail/images/2020/09/17/14/1/11e6b833-fac3-47ca-8e93-f560c79804e8.jpg",
    "name": "테라펠리스 토끼와 브로콜리 클래식 고양이 습식사료 2p, 토끼, 200g",
    "price": [
      "15,000원",
      "(100g당 3,750원)",
      "내일(토) 7/3 도착 보장",
      "내일(토) 새벽 도착 보장"
    ],
    "id": 523
  },
  {
    "link": "https://www.coupang.com/vp/products/2106632376?itemId=3578676055&vendorItemId=71564496472&sourceType=CAMPAIGN&campaignId=82&categoryId=445759",
    "image": "https://thumbnail6.coupangcdn.com/thumbnails/remote/230x230ex/image/retail/images/277220593372029-9d37c821-1fdc-4758-9c70-075b81a9b141.jpg",
    "name": "알파벳 고양이 사료 대용량 Cat4, 닭, 4kg",
    "price": [
      "1% 36,610",
      "36,220원",
      "(100g당 906원)",
      "내일(토) 7/3 도착 보장",
      "내일(토) 새벽 도착 보장"
    ],
    "id": 524
  },
  {
    "link": "https://www.coupang.com/vp/products/1916394147?itemId=3253695101&vendorItemId=71240766955&sourceType=CAMPAIGN&campaignId=82&categoryId=445759",
    "image": "https://thumbnail8.coupangcdn.com/thumbnails/remote/230x230ex/image/retail/images/2020/07/30/21/9/8f067a5b-a491-4682-9830-87174c1322d7.jpg",
    "name": "클래식펫츠 전연령 고양이 간식 80g 2종 x 3p 세트, 참치, 연어",
    "price": [
      "와우할인가 | 10% 9,230",
      "8,300원",
      "내일(토) 7/3 도착 보장",
      "내일(토) 새벽 도착 보장"
    ],
    "id": 525
  },
  {
    "link": "https://www.coupang.com/vp/products/1717204889?itemId=2922593793&vendorItemId=70911219094&sourceType=CAMPAIGN&campaignId=82&categoryId=445759",
    "image": "https://thumbnail10.coupangcdn.com/thumbnails/remote/230x230ex/image/retail/images/2020/06/09/18/4/422efba0-3dee-40c6-a8cc-614be5e945b4.jpg",
    "name": "캣츠파인푸드 NO 17 고양이 주식 파우치 16p, 가금류 + 새우, 85g",
    "price": [
      "53,090원",
      "(100g당 3,904원)",
      "내일(토) 7/3 도착 보장",
      "내일(토) 새벽 도착 보장"
    ],
    "id": 526
  },
  {
    "link": "https://www.coupang.com/vp/products/1703941627?itemId=2899695137&vendorItemId=70888662745&sourceType=CAMPAIGN&campaignId=82&categoryId=445759",
    "image": "https://thumbnail7.coupangcdn.com/thumbnails/remote/230x230ex/image/retail/images/2020/06/08/18/7/e39a2eb7-8aba-4d6b-9f7b-a0abd048fd24.jpg",
    "name": "캣츠파인푸드 전연령용 NO.13 청어와 쉬림프 고양이 주식캔 4p, 생선, 200g",
    "price": [
      "17,700원",
      "(100g당 2,213원)",
      "내일(토) 7/3 도착 보장",
      "내일(토) 새벽 도착 보장"
    ],
    "id": 527
  },
  {
    "link": "https://www.coupang.com/vp/products/1703942263?itemId=2899695850&vendorItemId=70888662670&sourceType=CAMPAIGN&campaignId=82&categoryId=445759",
    "image": "https://thumbnail8.coupangcdn.com/thumbnails/remote/230x230ex/image/retail/images/2020/06/08/18/7/115d7b4c-f3ea-4d2b-b91f-be8badb2b282.jpg",
    "name": "캣츠파인푸드 전연령용 NO.103 닭고기 고양이 주식캔 4p, 닭, 200g",
    "price": [
      "21,410원",
      "(100g당 2,676원)",
      "내일(토) 7/3 도착 보장",
      "내일(토) 새벽 도착 보장"
    ],
    "id": 528
  },
  {
    "link": "https://www.coupang.com/vp/products/100094690?itemId=305847160&vendorItemId=3754223559&sourceType=CAMPAIGN&campaignId=82&categoryId=445759",
    "image": "https://thumbnail8.coupangcdn.com/thumbnails/remote/230x230ex/image/retail/images/2018/06/12/11/3/3000963e-3911-45d6-9b07-6d5a00c97c3f.jpg",
    "name": "네코 그레이비 참치 토핑 새우 고양이 습식사료, 70g, 12개입",
    "price": [
      "41% 18,000",
      "10,530원",
      "(100g당 1,254원)",
      "내일(토) 7/3 도착 보장",
      "내일(토) 새벽 도착 보장"
    ],
    "id": 529
  },
  {
    "link": "https://www.coupang.com/vp/products/81020879?itemId=258618398&vendorItemId=3628663062&sourceType=CAMPAIGN&campaignId=82&categoryId=445759",
    "image": "https://thumbnail10.coupangcdn.com/thumbnails/remote/230x230ex/image/retail/images/2018/04/11/11/2/26ad179b-7bc1-46b4-bc7d-fe4da98cfac7.jpg",
    "name": "카이세키 고양이 투디쉬 가다랑어포 건식사료 10p, 800g, 12개입",
    "price": [
      "244,290원",
      "(100g당 2,545원)",
      "내일(토) 7/3 도착 보장",
      "내일(토) 새벽 도착 보장"
    ],
    "id": 530
  },
  {
    "link": "https://www.coupang.com/vp/products/59120160?itemId=204384247&vendorItemId=3484177426&sourceType=CAMPAIGN&campaignId=82&categoryId=445759",
    "image": "https://thumbnail7.coupangcdn.com/thumbnails/remote/230x230ex/image/retail/images/2018/01/09/15/1/4f339c5e-742b-4184-b5e7-4ab1dc84cc9e.jpg",
    "name": "네이처스버라이어티 생식본능 RBK 웨이트 치킨 고양이사료, 2kg, 1개",
    "price": [
      "24% 60,000",
      "45,570원",
      "(100g당 2,279원)",
      "내일(토) 7/3 도착 보장",
      "내일(토) 새벽 도착 보장"
    ],
    "id": 531
  },
  {
    "link": "https://www.coupang.com/vp/products/10429899?itemId=45481397&vendorItemId=3070938051&sourceType=CAMPAIGN&campaignId=82&categoryId=445759",
    "image": "https://thumbnail9.coupangcdn.com/thumbnails/remote/230x230ex/image/retail/images/2016/12/02/10/1/bae473ad-486e-4305-b1ad-57c2666edf8a.jpg",
    "name": "해피타임 고양이 캔 콤보 세트, 랜덤발송, 24개입",
    "price": [
      "와우할인가 | 43% 31,200",
      "17,580원",
      "(10g당 92원)",
      "내일(토) 7/3 도착 보장",
      "내일(토) 새벽 도착 보장"
    ],
    "id": 532
  },
  {
    "link": "https://www.coupang.com/vp/products/3230096?itemId=8266249&vendorItemId=3011468429&sourceType=CAMPAIGN&campaignId=82&categoryId=445759",
    "image": "https://thumbnail9.coupangcdn.com/thumbnails/remote/230x230ex/image/product/image/vendoritem/2016/05/09/3011468429/b47d4f45-8c5a-4a66-87b2-fe5ed66ffe1b.jpg",
    "name": "미오 참치 고양이 사료, 1.3kg, 1개",
    "price": [
      "와우할인가 | 50% 10,000",
      "4,990원",
      "(100g당 384원)",
      "내일(토) 7/3 도착 보장"
    ],
    "id": 533
  },
  {
    "link": "https://www.coupang.com/vp/products/3230097?itemId=8266250&vendorItemId=3011468430&sourceType=CAMPAIGN&campaignId=82&categoryId=445759",
    "image": "https://thumbnail8.coupangcdn.com/thumbnails/remote/230x230ex/image/product/image/vendoritem/2019/02/08/3011468430/25287018-65f5-400c-abc2-2005d83fee2f.jpg",
    "name": "뉴-MeO 키튼 오션 피쉬 건식사료, 1.1kg, 1개",
    "price": [
      "와우할인가 | 56% 11,000",
      "4,820원",
      "(100g당 438원)",
      "내일(토) 7/3 도착 보장",
      "내일(토) 새벽 도착 보장"
    ],
    "id": 534
  },
  {
    "link": "https://www.coupang.com/vp/products/9173218?itemId=40303884&vendorItemId=3060999993&sourceType=CAMPAIGN&campaignId=82&categoryId=445759",
    "image": "https://thumbnail9.coupangcdn.com/thumbnails/remote/230x230ex/image/product/image/vendoritem/2019/09/02/3060999993/0088cc9f-40c2-42b0-9a43-2e1ff49682dc.jpg",
    "name": "퓨리나 팬시피스트 엘레강트메들리 투스카니 터키 간식캔, 칠면조 + 쌀 +허브소스, 24개입",
    "price": [
      "45% 45,600",
      "24,630원",
      "(10g당 2,898원)",
      "내일(토) 7/3 도착 보장"
    ],
    "id": 535
  },
  {
    "link": "https://www.coupang.com/vp/products/4327726200?itemId=5046403784&vendorItemId=72355961853&sourceType=CAMPAIGN&campaignId=82&categoryId=445759",
    "image": "https://thumbnail10.coupangcdn.com/thumbnails/remote/230x230ex/image/rs_quotation_api/afb4/885b86937f08542683b9680de0f0cb6af4de7c0078f1b45b926a0ab723a5.png",
    "name": "레오나르도 키튼용 드라이 캣푸드 6p, 가금육, 400g",
    "price": [
      "와우할인가 | 32% 53,400",
      "36,240원",
      "내일(토) 7/3 도착 보장",
      "내일(토) 새벽 도착 보장"
    ],
    "id": 536
  },
  {
    "link": "https://www.coupang.com/vp/products/5493182194?itemId=8511752342&vendorItemId=75799232716&sourceType=CAMPAIGN&campaignId=82&categoryId=445759",
    "image": "https://thumbnail8.coupangcdn.com/thumbnails/remote/230x230ex/image/retail/images/2021/05/11/17/8/286bee2f-3a87-4a4b-9ade-99db6d81eb1a.jpg",
    "name": "내추럴발란스 어덜트용 LID 완두 앤 닭고기 포뮬라 고양이 건식사료 6p, 60g, 닭",
    "price": [
      "5,000원",
      "일시품절"
    ],
    "id": 537
  },
  {
    "link": "https://www.coupang.com/vp/products/1113816241?itemId=2078028865&vendorItemId=70077108170&sourceType=CAMPAIGN&campaignId=82&categoryId=445759",
    "image": "https://thumbnail10.coupangcdn.com/thumbnails/remote/230x230ex/image/retail/images/2019/12/24/9/9/4e3aeb0a-a2d7-42f1-9ed0-b9d8d6e78de3.jpg",
    "name": "내추럴발란스 울트라 프리미엄 인도어 포뮬라 캣 푸드 캔 4p, 닭고기, 156g",
    "price": [
      "20% 14,000",
      "11,200원",
      "(100g당 1,795원)",
      "일시품절",
      "박스 훼손 (1) 최저 10,860원"
    ],
    "id": 538
  },
  {
    "link": "https://www.coupang.com/vp/products/277875138?itemId=44905620&vendorItemId=3070051882&sourceType=CAMPAIGN&campaignId=82&categoryId=445759",
    "image": "https://thumbnail8.coupangcdn.com/thumbnails/remote/230x230ex/image/product/image/vendoritem/2019/09/02/3070051882/65ade939-8881-427f-b0f7-6a102f28609d.jpg",
    "name": "팬시피스트 청키 치킨 고양이 캔, 85g, 24개",
    "price": [
      "33% 36,000",
      "24,000원",
      "(100g당 1,176원)",
      "일시품절"
    ],
    "id": 539
  },
  {
    "link": "https://www.coupang.com/vp/products/4655583527?itemId=6594415777&vendorItemId=73888365603&sourceType=CAMPAIGN&campaignId=82&categoryId=445759",
    "image": "https://thumbnail8.coupangcdn.com/thumbnails/remote/230x230ex/image/retail/images/2021/02/09/11/1/904f206f-2efc-4c96-9093-6ab7df986dfd.jpg",
    "name": "캣아이디어 전연령 씨피쉬 피스트 그레인프리 고양이 건식사료, 생선(30g*10개), 300g",
    "price": [
      "5,000원",
      "일시품절",
      "박스 훼손 (1) 최저 4,800원"
    ],
    "id": 540
  },
  {
    "link": "https://www.coupang.com/vp/products/1118897131?itemId=2084280538&vendorItemId=70083305628&sourceType=CAMPAIGN&campaignId=82&categoryId=445759",
    "image": "https://thumbnail8.coupangcdn.com/thumbnails/remote/230x230ex/image/retail/images/2019/12/24/16/7/c341e70f-e00d-4c82-9886-104ff64e1fc9.jpg",
    "name": "내추럴발란스 LID 포뮬라 캣 푸드 캔 6p, 오리&완두, 85g",
    "price": [
      "2% 15,840",
      "15,420원",
      "(100g당 3,024원)",
      "일시품절"
    ],
    "id": 541
  },
  {
    "link": "https://www.coupang.com/vp/products/1464204089?itemId=2518321374&vendorItemId=70511254172&sourceType=CAMPAIGN&campaignId=82&categoryId=445759",
    "image": "https://thumbnail8.coupangcdn.com/thumbnails/remote/230x230ex/image/retail/images/2020/04/03/15/4/ff946628-593c-4741-98ad-f70bc49d5981.jpg",
    "name": "go 전연련용 솔루션 LID 레시피 고양이 건식 사료, 오리, 1.36kg",
    "price": [
      "12% 27,000",
      "23,590원",
      "(100g당 1,735원)",
      "일시품절"
    ],
    "id": 542
  },
  {
    "link": "https://www.coupang.com/vp/products/111554861?itemId=335956704&vendorItemId=3824252455&sourceType=CAMPAIGN&campaignId=82&categoryId=445759",
    "image": "https://thumbnail7.coupangcdn.com/thumbnails/remote/230x230ex/image/retail/images/2018/07/06/19/3/e3aaac42-b139-4f46-8e4a-fba6e8f63e59.jpg",
    "name": "캣츠파인푸드 No 15 닭고기와 꿩고기 고양이 주식캔, 200g, 1개",
    "price": [
      "42% 7,000",
      "4,050원",
      "(100g당 2,025원)",
      "일시품절"
    ],
    "id": 543
  },
  {
    "link": "https://www.coupang.com/vp/products/42856385?itemId=155270428&vendorItemId=3363618569&sourceType=CAMPAIGN&campaignId=82&categoryId=445759",
    "image": "https://thumbnail10.coupangcdn.com/thumbnails/remote/230x230ex/image/product/image/vendoritem/2019/03/28/3363618569/a3c300ec-26ac-4f35-8dde-db44585918e3.jpg",
    "name": "인스팅트 생식본능 LID 토끼고기 캣 키블 고양이 건식사료, 2kg, 1개",
    "price": [
      "21% 59,000",
      "46,100원",
      "(100g당 2,305원)",
      "일시품절",
      "박스 훼손 (2) 최저 44,710원"
    ],
    "id": 544
  },
  {
    "link": "https://www.coupang.com/vp/products/2110322092?itemId=3584734928&vendorItemId=71570537764&sourceType=CAMPAIGN&campaignId=82&categoryId=445759",
    "image": "https://thumbnail7.coupangcdn.com/thumbnails/remote/230x230ex/image/retail/images/2020/09/01/18/2/c1ed94c0-b2e0-4c5e-b277-817ed0738e33.jpg",
    "name": "LOTUS 그레인프리 저스트 쥬시 치킨 스튜 고양이 주식캔 12p, 닭, 70g",
    "price": [
      "12% 46,850",
      "41,040원",
      "(100g당 4,886원)",
      "일시품절"
    ],
    "id": 545
  },
  {
    "link": "https://www.coupang.com/vp/products/4622949666?itemId=5732692588&vendorItemId=73031419242&sourceType=CAMPAIGN&campaignId=82&categoryId=445759",
    "image": "https://thumbnail6.coupangcdn.com/thumbnails/remote/230x230ex/image/rs_quotation_api/zmsuav7j/38b5227a10f04bb2a973ce86158eee03.jpg",
    "name": "쉬바 12개월 이하 고양이용 리치 미니 주식 파우치 닭가슴살과 오션 12p, 닭가슴살, 35g",
    "price": [
      "와우할인가 | 11% 16,560",
      "14,580원",
      "일시품절"
    ],
    "id": 546
  },
  {
    "link": "https://www.coupang.com/vp/products/189607254?itemId=541517078&vendorItemId=4416734732&sourceType=CAMPAIGN&campaignId=82&categoryId=445759",
    "image": "https://thumbnail8.coupangcdn.com/thumbnails/remote/230x230ex/image/retail/images/2019/02/22/10/4/d5fef12f-5872-4046-b638-9c94374a8366.jpg",
    "name": "베스트브리드 그레인프리 캣 다이어트 전연령용 사료, 1.8kg, 1개",
    "price": [
      "40% 38,000",
      "22,610원",
      "(100g당 1,256원)",
      "일시품절"
    ],
    "id": 547
  },
  {
    "link": "https://www.coupang.com/vp/products/59514379?itemId=205268744&vendorItemId=3486940892&sourceType=CAMPAIGN&campaignId=82&categoryId=445759",
    "image": "https://thumbnail10.coupangcdn.com/thumbnails/remote/230x230ex/image/retail/images/2018/01/10/15/3/812ece3b-753e-4bf3-b074-1dbea7b29669.jpg",
    "name": "네이처스버라이어티 오리 칠면조 생식본능 오리지날 캣 키블 건식사료, 0.9kg, 1개",
    "price": [
      "와우할인가 | 28% 27,000",
      "19,340원",
      "(100g당 2,149원)",
      "일시품절"
    ],
    "id": 548
  },
  {
    "link": "https://www.coupang.com/vp/products/1893467137?itemId=3216882813&vendorItemId=71204178299&sourceType=CAMPAIGN&campaignId=82&categoryId=445759",
    "image": "https://thumbnail6.coupangcdn.com/thumbnails/remote/230x230ex/image/retail/images/2020/07/24/11/6/4204a42f-26fe-4a67-a2a8-6b28497e3c56.jpg",
    "name": "퍼시캣 전연령용 고양이 레시피 사료, 생선, 1kg",
    "price": [
      "15,300원",
      "(100g당 1,530원)",
      "일시품절"
    ],
    "id": 549
  },
  {
    "link": "https://www.coupang.com/vp/products/548324?itemId=1920575&vendorItemId=3001680065&sourceType=CAMPAIGN&campaignId=82&categoryId=445759",
    "image": "https://thumbnail7.coupangcdn.com/thumbnails/remote/230x230ex/image/product/image/vendoritem/2019/03/13/3001680065/6723ffb1-688c-4982-b4e4-2cdb15c568ea.jpg",
    "name": "퓨어비타 홀리스틱 그레인프리 연어 고양이 사료, 3kg, 1개",
    "price": [
      "30,420원",
      "(100g당 1,014원)",
      "일시품절"
    ],
    "id": 550
  },
  {
    "link": "https://www.coupang.com/vp/products/1486953243?itemId=2553264046&vendorItemId=70545817662&sourceType=CAMPAIGN&campaignId=82&categoryId=445759",
    "image": "https://thumbnail8.coupangcdn.com/thumbnails/remote/230x230ex/image/retail/images/2020/04/09/16/0/91bd818e-bdfb-4952-a607-0090c4367a74.jpg",
    "name": "보레알 프로퍼 캣 치킨 건식사료, 닭, 5.44kg",
    "price": [
      "8% 40,820",
      "37,200원",
      "(100g당 684원)",
      "일시품절"
    ],
    "id": 551
  },
  {
    "link": "https://www.coupang.com/vp/products/1657389119?itemId=2823856049&vendorItemId=70813331810&sourceType=CAMPAIGN&campaignId=82&categoryId=445759",
    "image": "https://thumbnail6.coupangcdn.com/thumbnails/remote/230x230ex/image/retail/images/2020/05/28/17/6/1aa22f4d-e752-48f6-b074-d17c65545111.jpg",
    "name": "고스비 어덜트 프레스코 고양이 캔 참치와연어 앤 파파야, 생선, 70g",
    "price": [
      "24,300원",
      "(100g당 2,893원)",
      "일시품절"
    ],
    "id": 552
  },
  {
    "link": "https://www.coupang.com/vp/products/4327484247?itemId=5045727605&vendorItemId=72355961445&sourceType=CAMPAIGN&campaignId=82&categoryId=445759",
    "image": "https://thumbnail9.coupangcdn.com/thumbnails/remote/230x230ex/image/rs_quotation_api/874e/e965445dffded5b92d4390ed1c8ce7d46dca524a722825e4991b888f220d.png",
    "name": "레오나르도 시니어용 고양이 건식사료 6p, 닭, 400g",
    "price": [
      "와우할인가 | 20% 48,600",
      "38,880원",
      "일시품절"
    ],
    "id": 553
  },
  {
    "link": "https://www.coupang.com/vp/products/100094689?itemId=305847159&vendorItemId=3754223558&sourceType=CAMPAIGN&campaignId=82&categoryId=445759",
    "image": "https://thumbnail9.coupangcdn.com/thumbnails/remote/230x230ex/image/product/image/vendoritem/2019/03/25/3754223558/830c3c1e-7d76-48e3-b315-2f08eb5dac52.jpg",
    "name": "네코 그레이비 참치 토핑 닭고기 고양이 습식사료, 70g, 12개입",
    "price": [
      "41% 18,000",
      "10,530원",
      "(100g당 1,254원)",
      "일시품절"
    ],
    "id": 554
  },
  {
    "link": "https://www.coupang.com/vp/products/1916394217?itemId=3253695264&vendorItemId=71240767063&sourceType=CAMPAIGN&campaignId=82&categoryId=445759",
    "image": "https://thumbnail8.coupangcdn.com/thumbnails/remote/230x230ex/image/retail/images/2020/07/30/21/7/a8295cda-0ac7-4082-9deb-dd2e7b6f9433.jpg",
    "name": "클래식펫츠 전연령 고양이 간식 6p, 참치, 80g",
    "price": [
      "8,690원",
      "(100g당 1,810원)",
      "일시품절"
    ],
    "id": 555
  },
  {
    "link": "https://www.coupang.com/vp/products/169718124?itemId=485699708&vendorItemId=4224034343&sourceType=CAMPAIGN&campaignId=82&categoryId=445759",
    "image": "https://thumbnail7.coupangcdn.com/thumbnails/remote/230x230ex/image/retail/images/2018/12/20/17/3/7273859d-d4dd-451a-b00a-31f45a921806.jpg",
    "name": "캣츠미어 고양이 사료 참치와 치킨토핑, 170g, 6개입",
    "price": [
      "와우할인가 | 20% 11,880",
      "9,400원",
      "(100g당 922원)",
      "일시품절"
    ],
    "id": 556
  },
  {
    "link": "https://www.coupang.com/vp/products/1874553?itemId=8284120&vendorItemId=3011490008&sourceType=CAMPAIGN&campaignId=82&categoryId=445759",
    "image": "https://thumbnail8.coupangcdn.com/thumbnails/remote/230x230ex/image/retail/images/44256848805127-dd9f80da-47f0-4cf3-ac5a-d6ce367ac5a5.jpg",
    "name": "컴페니언펫츠클래식 고양이 사료 헤어볼방지 기능성, 1.5kg, 1개",
    "price": [
      "36% 12,000",
      "7,610원",
      "(100g당 507원)",
      "일시품절"
    ],
    "id": 557
  },
  {
    "link": "https://www.coupang.com/vp/products/331821639?itemId=1060271119&vendorItemId=5537530520&sourceType=CAMPAIGN&campaignId=82&categoryId=445759",
    "image": "https://thumbnail9.coupangcdn.com/thumbnails/remote/230x230ex/image/retail/images/2019/10/31/21/3/9c7e6e14-9f82-4ce4-b8c4-70e9468b08e6.jpg",
    "name": "캣츠미어 고양이사료 참치와 연어토핑, 170g, 6개",
    "price": [
      "와우할인가 | 5% 9,900",
      "9,400원",
      "(100g당 922원)",
      "일시품절"
    ],
    "id": 558
  },
  {
    "link": "https://www.coupang.com/vp/products/5156684375?itemId=7094513145&vendorItemId=74386474117&sourceType=CAMPAIGN&campaignId=82&categoryId=445759",
    "image": "https://thumbnail7.coupangcdn.com/thumbnails/remote/230x230ex/image/rs_quotation_api/awhkbmsw/ed9dd19f58d645dd9026f1c53e637551.jpg",
    "name": "웨루바 전연령용 캣츠인더키친 습식사료 24p, 90g, 램 버기니",
    "price": [
      "57,000원",
      "일시품절"
    ],
    "id": 559
  },
  {
    "link": "https://www.coupang.com/vp/products/188196535?itemId=52327996&vendorItemId=3081648837&sourceType=CAMPAIGN&campaignId=82&categoryId=445759",
    "image": "https://thumbnail9.coupangcdn.com/thumbnails/remote/230x230ex/image/product/image/vendoritem/2018/07/13/3081648837/2baf08a7-20e3-4778-9fb3-2f9f21fb0d1f.jpg",
    "name": "위스카스 고양이 주식 파우치 구운 고등어, 85g, 12개",
    "price": [
      "8,640원",
      "(100g당 847원)",
      "일시품절"
    ],
    "id": 560
  },
  {
    "link": "https://www.coupang.com/vp/products/1914595385?itemId=3250685726&vendorItemId=71237772330&sourceType=CAMPAIGN&campaignId=82&categoryId=445759",
    "image": "https://thumbnail6.coupangcdn.com/thumbnails/remote/230x230ex/image/retail/images/2020/08/04/10/3/07019037-99db-4a8c-a77a-6bb5948829af.jpg",
    "name": "블루키친 전연령 블루런치 캣 치킨 앤 터키 건식사료, 닭, 4.5kg",
    "price": [
      "19% 36,000",
      "29,000원",
      "(100g당 644원)",
      "일시품절"
    ],
    "id": 561
  },
  {
    "link": "https://www.coupang.com/vp/products/1713328422?itemId=2915763228&vendorItemId=70904442771&sourceType=CAMPAIGN&campaignId=82&categoryId=445759",
    "image": "https://thumbnail10.coupangcdn.com/thumbnails/remote/230x230ex/image/retail/images/2020/06/16/18/8/52cf9a12-2ff1-4803-81a4-f0dc4024077e.jpg",
    "name": "캣츠파인푸드 NO 25 고양이 주식캔 6p, 닭고기 + 참치, 400g",
    "price": [
      "44,450원",
      "(100g당 1,852원)",
      "일시품절",
      "중고 (1) 최저 39,150원"
    ],
    "id": 562
  },
  {
    "link": "https://www.coupang.com/vp/products/4947785107?itemId=6530729452&vendorItemId=73825388063&sourceType=CAMPAIGN&campaignId=82&categoryId=445759",
    "image": "https://thumbnail10.coupangcdn.com/thumbnails/remote/230x230ex/image/rs_quotation_api/rzhoab9k/344dfc1bcde14ce68d8fd2cda6a619b6.jpg",
    "name": "웨루바 고양이 클래식 마벨라 파엘라 주식캔 24p, 85g, 생선",
    "price": [
      "60,260원",
      "일시품절"
    ],
    "id": 563
  },
  {
    "link": "https://www.coupang.com/vp/products/5065285047?itemId=6846006704&vendorItemId=74138618888&sourceType=CAMPAIGN&campaignId=82&categoryId=445759",
    "image": "https://thumbnail7.coupangcdn.com/thumbnails/remote/230x230ex/image/retail/images/2021/02/24/16/4/36bdf217-37d1-43f0-82c5-0cc33b81e665.jpg",
    "name": "웨루바 전연령용 캣츠 인더 키친 칙매그넛 주식 파우치 12p, 90g, 닭",
    "price": [
      "28,500원",
      "일시품절"
    ],
    "id": 564
  },
  {
    "link": "https://www.coupang.com/vp/products/1464445073?itemId=2518663821&vendorItemId=70511590069&sourceType=CAMPAIGN&campaignId=82&categoryId=445759",
    "image": "https://thumbnail10.coupangcdn.com/thumbnails/remote/230x230ex/image/retail/images/2020/04/14/14/9/ec21137e-5f1a-401f-8cf4-5852cb39976e.jpg",
    "name": "가이세키 제핀 글로벌 5 플레져 고양이 사료, 곡물, 220g",
    "price": [
      "9,800원",
      "(100g당 4,455원)",
      "일시품절"
    ],
    "id": 565
  },
  {
    "link": "https://www.coupang.com/vp/products/4977365929?itemId=6619032635&vendorItemId=73912920945&sourceType=CAMPAIGN&campaignId=82&categoryId=445759",
    "image": "https://thumbnail6.coupangcdn.com/thumbnails/remote/230x230ex/image/rs_quotation_api/mgieckpb/9c5a6fc40fdb422e9c783d2261346de4.jpg",
    "name": "웨루바 전연령용 고양이 클래식 나인리버 습식캔 24p, 85g, 닭",
    "price": [
      "60,260원",
      "일시품절"
    ],
    "id": 566
  },
  {
    "link": "https://www.coupang.com/vp/products/188197989?itemId=52328031&vendorItemId=3081648785&sourceType=CAMPAIGN&campaignId=82&categoryId=445759",
    "image": "https://thumbnail8.coupangcdn.com/thumbnails/remote/230x230ex/image/product/image/vendoritem/2019/03/12/3081648785/0ae1dabc-8a74-4269-8ce0-197f92820006.jpg",
    "name": "쉬바 고양이 주식 파우치 참치와 고등어, 70g, 12팩",
    "price": [
      "11,340원",
      "(100g당 1,350원)",
      "일시품절"
    ],
    "id": 567
  },
  {
    "link": "https://www.coupang.com/vp/products/2160329035?itemId=3669909081&vendorItemId=71655300423&sourceType=CAMPAIGN&campaignId=82&categoryId=445759",
    "image": "https://thumbnail9.coupangcdn.com/thumbnails/remote/230x230ex/image/retail/images/2020/09/17/14/5/937ca205-c244-4242-a4c4-7fa7734485b5.jpg",
    "name": "테라펠리스 칠면조와 애호박 클래식 고양이 습식사료 2p, 칠면조, 200g",
    "price": [
      "14% 13,620",
      "11,580원",
      "(100g당 2,895원)",
      "일시품절"
    ],
    "id": 568
  },
  {
    "link": "https://www.coupang.com/vp/products/188196517?itemId=52328013&vendorItemId=3081648801&sourceType=CAMPAIGN&campaignId=82&categoryId=445759",
    "image": "https://thumbnail8.coupangcdn.com/thumbnails/remote/230x230ex/image/product/image/vendoritem/2018/07/13/3081648801/73f1b82a-c0e0-4723-8346-5d5192a56842.jpg",
    "name": "위스카스 고양이 주식 파우치 주니어 고등어, 85g, 12개입",
    "price": [
      "9,720원",
      "(100g당 953원)",
      "일시품절"
    ],
    "id": 569
  },
  {
    "link": "https://www.coupang.com/vp/products/1767433616?itemId=3009539902&vendorItemId=70997745894&sourceType=CAMPAIGN&campaignId=82&categoryId=445759",
    "image": "https://thumbnail9.coupangcdn.com/thumbnails/remote/230x230ex/image/retail/images/2020/06/30/9/2/62d09037-16ca-4904-8ec6-e0dd8121b95e.jpg",
    "name": "BlackHawk 키튼용 주식 파우치 그레인프리 닭고기 완두콩 앤 수프 12p, 닭, 85g",
    "price": [
      "20,450원",
      "(100g당 2,005원)",
      "일시품절"
    ],
    "id": 570
  },
  {
    "link": "https://www.coupang.com/vp/products/5002668589?itemId=6688704303&vendorItemId=73982382243&sourceType=CAMPAIGN&campaignId=82&categoryId=445759",
    "image": "https://thumbnail7.coupangcdn.com/thumbnails/remote/230x230ex/image/rs_quotation_api/t35xeifr/1a5c7492d931427195261d1d3d0b4cb9.jpg",
    "name": "웨루바 캣츠인더키친 골디락스 24p, 90g, 닭",
    "price": [
      "55,800원",
      "일시품절"
    ],
    "id": 571
  },
  {
    "link": "https://www.coupang.com/vp/products/1980421658?itemId=3369524962&vendorItemId=71356243632&sourceType=CAMPAIGN&campaignId=82&categoryId=445759",
    "image": "https://thumbnail7.coupangcdn.com/thumbnails/remote/230x230ex/image/retail/images/2020/08/20/10/0/50d402ef-4f9f-40db-9fcf-1daacca371a4.jpg",
    "name": "아딜론덱 전연령 GF LID 고양이 건식사료, 생선, 4.98kg",
    "price": [
      "85,500원",
      "(100g당 1,717원)",
      "일시품절"
    ],
    "id": 572
  },
  {
    "link": "https://www.coupang.com/vp/products/4964292109?itemId=6579707175&vendorItemId=73873709496&sourceType=CAMPAIGN&campaignId=82&categoryId=445759",
    "image": "https://thumbnail6.coupangcdn.com/thumbnails/remote/230x230ex/image/retail/images/2021/02/08/15/7/9f74091b-e0d4-4d20-a0f5-60ded48f56be.jpg",
    "name": "프라이멀 전연령 동결건조 포뮬라 고양이 사료 4p, 397g, 닭 앤 연어",
    "price": [
      "187,200원",
      "일시품절"
    ],
    "id": 573
  },
  {
    "link": "https://www.coupang.com/vp/products/38159276?itemId=530111147&vendorItemId=4380210166&sourceType=CAMPAIGN&campaignId=82&categoryId=445759",
    "image": "https://thumbnail8.coupangcdn.com/thumbnails/remote/230x230ex/image/retail/images/2019/02/13/11/6/e909781e-8115-46b5-aaba-9914e3c58009.jpg",
    "name": "뉴트리플랜 스페셜데이 든든한아침 참치와 닭고기 고양이 습식캔, 90g, 24개입",
    "price": [
      "35% 33,600",
      "21,800원",
      "(100g당 1,009원)",
      "일시품절"
    ],
    "id": 574
  },
  {
    "link": "https://www.coupang.com/vp/products/1767433687?itemId=3009540027&vendorItemId=70997746017&sourceType=CAMPAIGN&campaignId=82&categoryId=445759",
    "image": "https://thumbnail7.coupangcdn.com/thumbnails/remote/230x230ex/image/retail/images/2020/06/30/9/9/e23f1f37-726d-4aed-b4e7-a2d75e2e3270.jpg",
    "name": "BlackHawk MATURE 고양이 주식 파우치 그레인프리 닭고기 앤 연어 12p, 닭, 85g",
    "price": [
      "20,450원",
      "(100g당 2,005원)",
      "일시품절"
    ],
    "id": 575
  },
  {
    "link": "https://www.coupang.com/vp/products/301645817?itemId=949183649&vendorItemId=5341630477&sourceType=CAMPAIGN&campaignId=82&categoryId=445759",
    "image": "https://thumbnail9.coupangcdn.com/thumbnails/remote/230x230ex/image/retail/images/2019/09/09/22/3/6a98db0a-158e-4e9a-a994-56207529c5f7.jpg",
    "name": "리첼 고양이 보양삼계탕 닭고기와단호박 습식사료, 120g, 10개",
    "price": [
      "와우할인가 | 2% 16,800",
      "16,460원",
      "(100g당 1,372원)",
      "일시품절"
    ],
    "id": 576
  },
  {
    "link": "https://www.coupang.com/vp/products/1894829216?itemId=3219108158&vendorItemId=71206389803&sourceType=CAMPAIGN&campaignId=82&categoryId=445759",
    "image": "https://thumbnail8.coupangcdn.com/thumbnails/remote/230x230ex/image/retail/images/2020/07/22/14/2/8b329416-0f51-4bcf-9589-872767fcbdf8.jpg",
    "name": "퍼스트초이스 어덜트용 고양이 유리너리 건식사료, 닭, 1.8kg",
    "price": [
      "29,000원",
      "(100g당 1,611원)",
      "일시품절"
    ],
    "id": 577
  },
  {
    "link": "https://www.coupang.com/vp/products/1476938980?itemId=2537913450&vendorItemId=70530735844&sourceType=CAMPAIGN&campaignId=82&categoryId=445759",
    "image": "https://thumbnail9.coupangcdn.com/thumbnails/remote/230x230ex/image/retail/images/2020/04/09/16/3/44abad89-2d25-48cd-ad12-89002b5c44e2.jpg",
    "name": "보레알 전연령 오리지널 캣 건식사료, 칠면조, 2.26kg",
    "price": [
      "24% 34,000",
      "25,650원",
      "(100g당 1,135원)",
      "일시품절"
    ],
    "id": 578
  },
  {
    "link": "https://www.coupang.com/vp/products/343851564?itemId=1092434494&vendorItemId=5608059857&sourceType=CAMPAIGN&campaignId=82&categoryId=445759",
    "image": "https://thumbnail8.coupangcdn.com/thumbnails/remote/230x230ex/image/retail/images/2019/11/26/10/3/deed388f-032d-411f-8070-c4302ca55624.jpg",
    "name": "퓨리나 프로플랜 캣 살몬 키튼 그레이비 주식파우치, 85g, 12개",
    "price": [
      "15,530원",
      "(100g당 1,523원)",
      "일시품절"
    ],
    "id": 579
  },
  {
    "link": "https://www.coupang.com/vp/products/5493309034?itemId=8512425134&vendorItemId=75799887724&sourceType=CAMPAIGN&campaignId=82&categoryId=445759",
    "image": "https://thumbnail8.coupangcdn.com/thumbnails/remote/230x230ex/image/rs_quotation_api/ikqiwebu/824bd362575c4559993408823168064b.jpg",
    "name": "뉴로 고양이 시니어용 프리스타일 그레인프리 건식 사료 명태오리 앤 고구마 2p, 2.27kg, 생선",
    "price": [
      "58,000원",
      "일시품절"
    ],
    "id": 580
  },
  {
    "link": "https://www.coupang.com/vp/products/5382066435?itemId=7998800012&vendorItemId=75287601655&sourceType=CAMPAIGN&campaignId=82&categoryId=445759",
    "image": "https://thumbnail6.coupangcdn.com/thumbnails/remote/230x230ex/image/rs_quotation_api/ot3rvops/b4a6ec4f8217476f9750e0d43964dd3c.jpg",
    "name": "펫베이커리 전연령 고양이 양고기 동결건조 사료, 150g, 양",
    "price": [
      "와우할인가 | 7% 32,000",
      "29,760원",
      "일시품절"
    ],
    "id": 581
  },
  {
    "link": "https://www.coupang.com/vp/products/4977365917?itemId=6619032623&vendorItemId=73912920906&sourceType=CAMPAIGN&campaignId=82&categoryId=445759",
    "image": "https://thumbnail10.coupangcdn.com/thumbnails/remote/230x230ex/image/rs_quotation_api/fjk9kl6k/0e367502afbe4669ae2b72dc6f436341.jpg",
    "name": "웨루바 전연령용 고양이 클래식 파우 릭킨 치킨 습식캔 24p, 85g, 닭",
    "price": [
      "60,260원",
      "일시품절"
    ],
    "id": 582
  },
  {
    "link": "https://www.coupang.com/vp/products/4977365948?itemId=6619032654&vendorItemId=73912920958&sourceType=CAMPAIGN&campaignId=82&categoryId=445759",
    "image": "https://thumbnail6.coupangcdn.com/thumbnails/remote/230x230ex/image/rs_quotation_api/imi8opxc/31b3cbad3b79483bab31b427e95cc80e.jpg",
    "name": "웨루바 전연령용 고양이 클래식 아시안퓨전 습식캔 24p, 85g, 생선",
    "price": [
      "60,260원",
      "일시품절"
    ],
    "id": 583
  },
  {
    "link": "https://www.coupang.com/vp/products/3238336?itemId=7327994&vendorItemId=3009887543&sourceType=CAMPAIGN&campaignId=82&categoryId=445759",
    "image": "https://thumbnail10.coupangcdn.com/thumbnails/remote/230x230ex/image/product/image/vendoritem/2019/04/05/3009887543/c0515ccf-cf88-4bbc-a82c-54b4fcb06a9a.jpg",
    "name": "팬시피스트 통치킨파이 고양이 주식캔, 85g, 3개입 x 2개",
    "price": [
      "43% 8,400",
      "4,720원",
      "(10g당 93원)",
      "일시품절"
    ],
    "id": 584
  },
  {
    "link": "https://www.coupang.com/vp/products/1322842?itemId=26269&vendorItemId=3000252849&sourceType=CAMPAIGN&campaignId=82&categoryId=445759",
    "image": "https://thumbnail10.coupangcdn.com/thumbnails/remote/230x230ex/image/product/image/vendoritem/2016/04/27/3000252849/483bd962-12a4-478a-944b-baf681a8610f.jpg",
    "name": "리얼오가닉 키튼 케어 반려묘 사료, 900g, 1개",
    "price": [
      "9% 11,000",
      "9,920원",
      "(100g당 1,102원)",
      "일시품절"
    ],
    "id": 585
  },
  {
    "link": "https://www.coupang.com/vp/products/306258311?itemId=965640163&vendorItemId=5370341234&sourceType=CAMPAIGN&campaignId=82&categoryId=445759",
    "image": "https://thumbnail9.coupangcdn.com/thumbnails/remote/230x230ex/image/retail/images/2019/09/24/15/3/172e61a1-5624-46d1-80c6-056e376b7989.jpg",
    "name": "네코 골드 고양이 습식캔 참치 연어 육수, 12개",
    "price": [
      "12,720원",
      "일시품절",
      "박스 훼손 (1) 최저 12,330원"
    ],
    "id": 586
  },
  {
    "link": "https://www.coupang.com/vp/products/5613810908?itemId=9078454973&vendorItemId=76364722902&sourceType=CAMPAIGN&campaignId=82&categoryId=445759",
    "image": "https://thumbnail8.coupangcdn.com/thumbnails/remote/230x230ex/image/retail/images/2021/06/02/15/4/feca75d5-6e3c-40fa-821c-ed14f280c781.jpg",
    "name": "헤일로 고양이 인도어 캣 헬시웨이트 치킨 앤 치킨간 건식사료, 1.36kg, 닭",
    "price": [
      "22,150원",
      "일시품절"
    ],
    "id": 587
  },
  {
    "link": "https://www.coupang.com/vp/products/5613810885?itemId=9078454919&vendorItemId=76364722771&sourceType=CAMPAIGN&campaignId=82&categoryId=445759",
    "image": "https://thumbnail7.coupangcdn.com/thumbnails/remote/230x230ex/image/retail/images/2021/06/02/15/9/3a323350-2951-4628-80de-f1952d633b13.jpg",
    "name": "헤일로 고양이 캣 센서티브 스토맥 씨푸드 메들리 건식사료, 1.36kg, 생선",
    "price": [
      "21,900원",
      "일시품절"
    ],
    "id": 588
  },
  {
    "link": "https://www.coupang.com/vp/products/5560454637?itemId=8819235167&vendorItemId=76106079144&sourceType=CAMPAIGN&campaignId=82&categoryId=445759",
    "image": "https://thumbnail9.coupangcdn.com/thumbnails/remote/230x230ex/image/retail/images/2021/05/24/9/6/869a9a9f-0f0d-468e-87e8-dd881864e189.jpg",
    "name": "릴리스키친 고양이 전연령용 캣치 오브 더데이 주식캔 19p, 85g, 생선",
    "price": [
      "45,600원",
      "일시품절"
    ],
    "id": 589
  },
  {
    "link": "https://www.coupang.com/vp/products/5498880799?itemId=8536706220&vendorItemId=75824117059&sourceType=CAMPAIGN&campaignId=82&categoryId=445759",
    "image": "https://thumbnail10.coupangcdn.com/thumbnails/remote/230x230ex/image/rs_quotation_api/s0ye7xnq/08487bad94cd47b4aa41f33705bee2ff.png",
    "name": "퓨어라이프 어덜트용 포 캣 스테럴라이즈드 건식사료, 2kg, 오리",
    "price": [
      "39,000원",
      "일시품절"
    ],
    "id": 590
  },
  {
    "link": "https://www.coupang.com/vp/products/2380447604?itemId=4152393349&vendorItemId=72136277985&sourceType=CAMPAIGN&campaignId=82&categoryId=445759",
    "image": "https://thumbnail10.coupangcdn.com/thumbnails/remote/230x230ex/image/retail/images/2020/11/04/10/8/cf4ef11a-1e08-48f7-a98c-1fd4ce16ed35.jpg",
    "name": "마리아 전연령용 고양이 습식사료 70g x 2종, 생선",
    "price": [
      "10,000원",
      "일시품절"
    ],
    "id": 591
  },
  {
    "link": "https://www.coupang.com/vp/products/5498880781?itemId=8536706102&vendorItemId=75824117003&sourceType=CAMPAIGN&campaignId=82&categoryId=445759",
    "image": "https://thumbnail6.coupangcdn.com/thumbnails/remote/230x230ex/image/rs_quotation_api/vvkzhd8o/40c97c3c8121477e98ed340b358dee95.png",
    "name": "퓨어라이프 키튼 포 캣 건식사료, 2kg, 오리",
    "price": [
      "39,000원",
      "일시품절"
    ],
    "id": 592
  },
  {
    "link": "https://www.coupang.com/vp/products/1464204089?itemId=2518321375&vendorItemId=70511254189&sourceType=CAMPAIGN&campaignId=82&categoryId=445759",
    "image": "https://thumbnail8.coupangcdn.com/thumbnails/remote/230x230ex/image/retail/images/2020/04/03/15/8/45a6234e-e8e2-4f76-aef5-18ebf465aafe.jpg",
    "name": "go 전연련용 솔루션 LID 레시피 고양이 건식 사료, 생선, 1.36kg",
    "price": [
      "12% 27,000",
      "23,590원",
      "(100g당 1,735원)",
      "일시품절",
      "박스 훼손 (1) 최저 22,880원"
    ],
    "id": 593
  },
  {
    "link": "https://www.coupang.com/vp/products/1237520105?itemId=2232784469&vendorItemId=70230364977&sourceType=CAMPAIGN&campaignId=82&categoryId=445759",
    "image": "https://thumbnail8.coupangcdn.com/thumbnails/remote/230x230ex/image/retail/images/2152995085859212-f5360a77-9f5c-478b-8f42-8aa2671f01c0.jpg",
    "name": "벤티 캣 주식 파우치 12p, 참치 + 새우, 50g",
    "price": [
      "13,000원",
      "(100g당 2,167원)",
      "일시품절"
    ],
    "id": 594
  },
  {
    "link": "https://www.coupang.com/vp/products/1464204089?itemId=2518321377&vendorItemId=70511254214&sourceType=CAMPAIGN&campaignId=82&categoryId=445759",
    "image": "https://thumbnail10.coupangcdn.com/thumbnails/remote/230x230ex/image/retail/images/2020/04/03/15/7/a66ba7fe-0f20-49cc-a7bb-5e1b18d9121e.jpg",
    "name": "go 전연련용 솔루션 LID 레시피 고양이 건식 사료, 볼락, 3.63kg",
    "price": [
      "8% 55,900",
      "51,380원",
      "(100g당 1,415원)",
      "일시품절"
    ],
    "id": 595
  },
  {
    "link": "https://www.coupang.com/vp/products/1251783991?itemId=2537475219&vendorItemId=70248622862&sourceType=CAMPAIGN&campaignId=82&categoryId=445759",
    "image": "https://thumbnail10.coupangcdn.com/thumbnails/remote/230x230ex/image/retail/images/2020/02/06/11/9/8a0dc972-5336-42a2-8586-d15fbf331c30.jpg",
    "name": "치킨수프 클래식 키튼 닭고기 현미와 완두 콩 고양이 건식사료, 닭, 2.04kg",
    "price": [
      "와우할인가 | 17% 33,000",
      "27,080원",
      "(100g당 1,327원)",
      "일시품절"
    ],
    "id": 596
  },
  {
    "link": "https://www.coupang.com/vp/products/1254873837?itemId=2263735681&vendorItemId=70260988559&sourceType=CAMPAIGN&campaignId=82&categoryId=445759",
    "image": "https://thumbnail9.coupangcdn.com/thumbnails/remote/230x230ex/image/retail/images/2020/02/14/10/1/e9f715d7-6df8-41c1-8299-436e5c41c655.jpg",
    "name": "치킨수프 전연령용 그레인프리 고양이 건식 사료, 연어 + 콩, 5.44kg",
    "price": [
      "32% 85,000",
      "57,380원",
      "(100g당 1,055원)",
      "일시품절"
    ],
    "id": 597
  },
  {
    "link": "https://www.coupang.com/vp/products/1464204089?itemId=2518321371&vendorItemId=70511254145&sourceType=CAMPAIGN&campaignId=82&categoryId=445759",
    "image": "https://thumbnail8.coupangcdn.com/thumbnails/remote/230x230ex/image/retail/images/2020/04/03/15/4/29783899-c009-459f-96c3-58621e6d21fa.jpg",
    "name": "go 전연련용 솔루션 LID 레시피 고양이 건식 사료, 오리, 3.63kg",
    "price": [
      "8% 55,900",
      "51,380원",
      "(100g당 1,415원)",
      "일시품절"
    ],
    "id": 598
  },
  {
    "link": "https://www.coupang.com/vp/products/343851594?itemId=1092434546&vendorItemId=5608060051&sourceType=CAMPAIGN&campaignId=82&categoryId=445759",
    "image": "https://thumbnail7.coupangcdn.com/thumbnails/remote/230x230ex/image/retail/images/2019/11/26/10/4/df7c0b44-4ffa-4cdc-9ec9-03029f69f5fb.jpg",
    "name": "퓨리나 프로플랜 캣 센서티브 민감성 소화 순살 닭고기 주식파우치, 85g, 12개",
    "price": [
      "24,000원",
      "(100g당 2,353원)",
      "일시품절",
      "박스 훼손 (1) 최저 23,280원"
    ],
    "id": 599
  },
  {
    "link": "https://www.coupang.com/vp/products/3230096?itemId=8266249&vendorItemId=3011468429&sourceType=CAMPAIGN&campaignId=82&categoryId=445759",
    "image": "https://thumbnail9.coupangcdn.com/thumbnails/remote/230x230ex/image/product/image/vendoritem/2016/05/09/3011468429/b47d4f45-8c5a-4a66-87b2-fe5ed66ffe1b.jpg",
    "name": "미오 참치 고양이 사료, 1.3kg, 1개",
    "price": [
      "와우할인가 | 50% 10,000",
      "4,990원",
      "(100g당 384원)",
      "내일(토) 7/3 도착 보장"
    ],
    "id": 600
  },
  {
    "link": "https://www.coupang.com/vp/products/3230097?itemId=8266250&vendorItemId=3011468430&sourceType=CAMPAIGN&campaignId=82&categoryId=445759",
    "image": "https://thumbnail8.coupangcdn.com/thumbnails/remote/230x230ex/image/product/image/vendoritem/2019/02/08/3011468430/25287018-65f5-400c-abc2-2005d83fee2f.jpg",
    "name": "뉴-MeO 키튼 오션 피쉬 건식사료, 1.1kg, 1개",
    "price": [
      "와우할인가 | 56% 11,000",
      "4,820원",
      "(100g당 438원)",
      "내일(토) 7/3 도착 보장",
      "내일(토) 새벽 도착 보장"
    ],
    "id": 601
  },
  {
    "link": "https://www.coupang.com/vp/products/9173218?itemId=40303884&vendorItemId=3060999993&sourceType=CAMPAIGN&campaignId=82&categoryId=445759",
    "image": "https://thumbnail9.coupangcdn.com/thumbnails/remote/230x230ex/image/product/image/vendoritem/2019/09/02/3060999993/0088cc9f-40c2-42b0-9a43-2e1ff49682dc.jpg",
    "name": "퓨리나 팬시피스트 엘레강트메들리 투스카니 터키 간식캔, 칠면조 + 쌀 +허브소스, 24개입",
    "price": [
      "45% 45,600",
      "24,630원",
      "(10g당 2,898원)",
      "내일(토) 7/3 도착 보장"
    ],
    "id": 602
  },
  {
    "link": "https://www.coupang.com/vp/products/4327726200?itemId=5046403784&vendorItemId=72355961853&sourceType=CAMPAIGN&campaignId=82&categoryId=445759",
    "image": "https://thumbnail10.coupangcdn.com/thumbnails/remote/230x230ex/image/rs_quotation_api/afb4/885b86937f08542683b9680de0f0cb6af4de7c0078f1b45b926a0ab723a5.png",
    "name": "레오나르도 키튼용 드라이 캣푸드 6p, 가금육, 400g",
    "price": [
      "와우할인가 | 32% 53,400",
      "36,240원",
      "내일(토) 7/3 도착 보장",
      "내일(토) 새벽 도착 보장"
    ],
    "id": 603
  },
  {
    "link": "https://www.coupang.com/vp/products/4655583527?itemId=6594415777&vendorItemId=73888365603&sourceType=CAMPAIGN&campaignId=82&categoryId=445759",
    "image": "https://thumbnail8.coupangcdn.com/thumbnails/remote/230x230ex/image/retail/images/2021/02/09/11/1/904f206f-2efc-4c96-9093-6ab7df986dfd.jpg",
    "name": "캣아이디어 전연령 씨피쉬 피스트 그레인프리 고양이 건식사료, 생선(30g*10개), 300g",
    "price": [
      "5,000원",
      "일시품절",
      "박스 훼손 (1) 최저 4,800원"
    ],
    "id": 604
  },
  {
    "link": "https://www.coupang.com/vp/products/1118897131?itemId=2084280538&vendorItemId=70083305628&sourceType=CAMPAIGN&campaignId=82&categoryId=445759",
    "image": "https://thumbnail8.coupangcdn.com/thumbnails/remote/230x230ex/image/retail/images/2019/12/24/16/7/c341e70f-e00d-4c82-9886-104ff64e1fc9.jpg",
    "name": "내추럴발란스 LID 포뮬라 캣 푸드 캔 6p, 오리&완두, 85g",
    "price": [
      "2% 15,840",
      "15,420원",
      "(100g당 3,024원)",
      "일시품절"
    ],
    "id": 605
  },
  {
    "link": "https://www.coupang.com/vp/products/1464204089?itemId=2518321374&vendorItemId=70511254172&sourceType=CAMPAIGN&campaignId=82&categoryId=445759",
    "image": "https://thumbnail8.coupangcdn.com/thumbnails/remote/230x230ex/image/retail/images/2020/04/03/15/4/ff946628-593c-4741-98ad-f70bc49d5981.jpg",
    "name": "go 전연련용 솔루션 LID 레시피 고양이 건식 사료, 오리, 1.36kg",
    "price": [
      "12% 27,000",
      "23,590원",
      "(100g당 1,735원)",
      "일시품절"
    ],
    "id": 606
  },
  {
    "link": "https://www.coupang.com/vp/products/237036793?itemId=751379019&vendorItemId=4897773965&sourceType=CAMPAIGN&campaignId=82&categoryId=445759",
    "image": "https://thumbnail9.coupangcdn.com/thumbnails/remote/230x230ex/image/retail/images/2019/06/04/15/7/411d6069-7a32-4cd1-9793-ae74926bc35f.jpg",
    "name": "위스카스 주식 파우치 시니어 고등어, 생선, 24개입, 85g",
    "price": [
      "18,410원",
      "(100g당 902원)",
      "일시품절"
    ],
    "id": 607
  },
  {
    "link": "https://www.coupang.com/vp/products/111554861?itemId=335956704&vendorItemId=3824252455&sourceType=CAMPAIGN&campaignId=82&categoryId=445759",
    "image": "https://thumbnail7.coupangcdn.com/thumbnails/remote/230x230ex/image/retail/images/2018/07/06/19/3/e3aaac42-b139-4f46-8e4a-fba6e8f63e59.jpg",
    "name": "캣츠파인푸드 No 15 닭고기와 꿩고기 고양이 주식캔, 200g, 1개",
    "price": [
      "42% 7,000",
      "4,050원",
      "(100g당 2,025원)",
      "일시품절"
    ],
    "id": 608
  },
  {
    "link": "https://www.coupang.com/vp/products/42856385?itemId=155270428&vendorItemId=3363618569&sourceType=CAMPAIGN&campaignId=82&categoryId=445759",
    "image": "https://thumbnail10.coupangcdn.com/thumbnails/remote/230x230ex/image/product/image/vendoritem/2019/03/28/3363618569/a3c300ec-26ac-4f35-8dde-db44585918e3.jpg",
    "name": "인스팅트 생식본능 LID 토끼고기 캣 키블 고양이 건식사료, 2kg, 1개",
    "price": [
      "21% 59,000",
      "46,100원",
      "(100g당 2,305원)",
      "일시품절",
      "박스 훼손 (2) 최저 44,710원"
    ],
    "id": 609
  },
  {
    "link": "https://www.coupang.com/vp/products/2110322092?itemId=3584734928&vendorItemId=71570537764&sourceType=CAMPAIGN&campaignId=82&categoryId=445759",
    "image": "https://thumbnail7.coupangcdn.com/thumbnails/remote/230x230ex/image/retail/images/2020/09/01/18/2/c1ed94c0-b2e0-4c5e-b277-817ed0738e33.jpg",
    "name": "LOTUS 그레인프리 저스트 쥬시 치킨 스튜 고양이 주식캔 12p, 닭, 70g",
    "price": [
      "12% 46,850",
      "41,040원",
      "(100g당 4,886원)",
      "일시품절"
    ],
    "id": 610
  },
  {
    "link": "https://www.coupang.com/vp/products/4622949666?itemId=5732692588&vendorItemId=73031419242&sourceType=CAMPAIGN&campaignId=82&categoryId=445759",
    "image": "https://thumbnail6.coupangcdn.com/thumbnails/remote/230x230ex/image/rs_quotation_api/zmsuav7j/38b5227a10f04bb2a973ce86158eee03.jpg",
    "name": "쉬바 12개월 이하 고양이용 리치 미니 주식 파우치 닭가슴살과 오션 12p, 닭가슴살, 35g",
    "price": [
      "와우할인가 | 11% 16,560",
      "14,580원",
      "일시품절"
    ],
    "id": 611
  },
  {
    "link": "https://www.coupang.com/vp/products/189607254?itemId=541517078&vendorItemId=4416734732&sourceType=CAMPAIGN&campaignId=82&categoryId=445759",
    "image": "https://thumbnail8.coupangcdn.com/thumbnails/remote/230x230ex/image/retail/images/2019/02/22/10/4/d5fef12f-5872-4046-b638-9c94374a8366.jpg",
    "name": "베스트브리드 그레인프리 캣 다이어트 전연령용 사료, 1.8kg, 1개",
    "price": [
      "40% 38,000",
      "22,610원",
      "(100g당 1,256원)",
      "일시품절"
    ],
    "id": 612
  },
  {
    "link": "https://www.coupang.com/vp/products/2045642050?itemId=3477735931&vendorItemId=71464049395&sourceType=CAMPAIGN&campaignId=82&categoryId=445759",
    "image": "https://thumbnail8.coupangcdn.com/thumbnails/remote/230x230ex/image/retail/images/2020/08/25/10/6/ea6cd410-9150-4608-8a51-4db98dde3643.jpg",
    "name": "로투스 전연령용 고양이 그레인프리 저스트 쥬시 주식캔 12p, 포크 스튜, 150g",
    "price": [
      "12% 61,800",
      "54,300원",
      "(100g당 3,017원)",
      "일시품절"
    ],
    "id": 613
  },
  {
    "link": "https://www.coupang.com/vp/products/59514379?itemId=205268744&vendorItemId=3486940892&sourceType=CAMPAIGN&campaignId=82&categoryId=445759",
    "image": "https://thumbnail10.coupangcdn.com/thumbnails/remote/230x230ex/image/retail/images/2018/01/10/15/3/812ece3b-753e-4bf3-b074-1dbea7b29669.jpg",
    "name": "네이처스버라이어티 오리 칠면조 생식본능 오리지날 캣 키블 건식사료, 0.9kg, 1개",
    "price": [
      "와우할인가 | 28% 27,000",
      "19,340원",
      "(100g당 2,149원)",
      "일시품절"
    ],
    "id": 614
  },
  {
    "link": "https://www.coupang.com/vp/products/1893467137?itemId=3216882813&vendorItemId=71204178299&sourceType=CAMPAIGN&campaignId=82&categoryId=445759",
    "image": "https://thumbnail6.coupangcdn.com/thumbnails/remote/230x230ex/image/retail/images/2020/07/24/11/6/4204a42f-26fe-4a67-a2a8-6b28497e3c56.jpg",
    "name": "퍼시캣 전연령용 고양이 레시피 사료, 생선, 1kg",
    "price": [
      "15,300원",
      "(100g당 1,530원)",
      "일시품절"
    ],
    "id": 615
  },
  {
    "link": "https://www.coupang.com/vp/products/1774934035?itemId=3022347330&vendorItemId=71010493666&sourceType=CAMPAIGN&campaignId=82&categoryId=445759",
    "image": "https://thumbnail10.coupangcdn.com/thumbnails/remote/230x230ex/image/retail/images/2020/07/01/22/3/5c249d56-bf4f-49bb-903d-b8c890867715.jpg",
    "name": "펫컴 전연령용 캣 딜리셔스 건식사료, 생선, 7.2kg",
    "price": [
      "24,000원",
      "(100g당 333원)",
      "일시품절"
    ],
    "id": 616
  },
  {
    "link": "https://www.coupang.com/vp/products/548324?itemId=1920575&vendorItemId=3001680065&sourceType=CAMPAIGN&campaignId=82&categoryId=445759",
    "image": "https://thumbnail7.coupangcdn.com/thumbnails/remote/230x230ex/image/product/image/vendoritem/2019/03/13/3001680065/6723ffb1-688c-4982-b4e4-2cdb15c568ea.jpg",
    "name": "퓨어비타 홀리스틱 그레인프리 연어 고양이 사료, 3kg, 1개",
    "price": [
      "30,420원",
      "(100g당 1,014원)",
      "일시품절"
    ],
    "id": 617
  },
  {
    "link": "https://www.coupang.com/vp/products/1486953243?itemId=2553264046&vendorItemId=70545817662&sourceType=CAMPAIGN&campaignId=82&categoryId=445759",
    "image": "https://thumbnail8.coupangcdn.com/thumbnails/remote/230x230ex/image/retail/images/2020/04/09/16/0/91bd818e-bdfb-4952-a607-0090c4367a74.jpg",
    "name": "보레알 프로퍼 캣 치킨 건식사료, 닭, 5.44kg",
    "price": [
      "8% 40,820",
      "37,200원",
      "(100g당 684원)",
      "일시품절"
    ],
    "id": 618
  },
  {
    "link": "https://www.coupang.com/vp/products/1657389119?itemId=2823856049&vendorItemId=70813331810&sourceType=CAMPAIGN&campaignId=82&categoryId=445759",
    "image": "https://thumbnail6.coupangcdn.com/thumbnails/remote/230x230ex/image/retail/images/2020/05/28/17/6/1aa22f4d-e752-48f6-b074-d17c65545111.jpg",
    "name": "고스비 어덜트 프레스코 고양이 캔 참치와연어 앤 파파야, 생선, 70g",
    "price": [
      "24,300원",
      "(100g당 2,893원)",
      "일시품절"
    ],
    "id": 619
  },
  {
    "link": "https://www.coupang.com/vp/products/4327484247?itemId=5045727605&vendorItemId=72355961445&sourceType=CAMPAIGN&campaignId=82&categoryId=445759",
    "image": "https://thumbnail9.coupangcdn.com/thumbnails/remote/230x230ex/image/rs_quotation_api/874e/e965445dffded5b92d4390ed1c8ce7d46dca524a722825e4991b888f220d.png",
    "name": "레오나르도 시니어용 고양이 건식사료 6p, 닭, 400g",
    "price": [
      "와우할인가 | 20% 48,600",
      "38,880원",
      "일시품절"
    ],
    "id": 620
  },
  {
    "link": "https://www.coupang.com/vp/products/100094689?itemId=305847159&vendorItemId=3754223558&sourceType=CAMPAIGN&campaignId=82&categoryId=445759",
    "image": "https://thumbnail9.coupangcdn.com/thumbnails/remote/230x230ex/image/product/image/vendoritem/2019/03/25/3754223558/830c3c1e-7d76-48e3-b315-2f08eb5dac52.jpg",
    "name": "네코 그레이비 참치 토핑 닭고기 고양이 습식사료, 70g, 12개입",
    "price": [
      "41% 18,000",
      "10,530원",
      "(100g당 1,254원)",
      "일시품절"
    ],
    "id": 621
  },
  {
    "link": "https://www.coupang.com/vp/products/1916394217?itemId=3253695264&vendorItemId=71240767063&sourceType=CAMPAIGN&campaignId=82&categoryId=445759",
    "image": "https://thumbnail8.coupangcdn.com/thumbnails/remote/230x230ex/image/retail/images/2020/07/30/21/7/a8295cda-0ac7-4082-9deb-dd2e7b6f9433.jpg",
    "name": "클래식펫츠 전연령 고양이 간식 6p, 참치, 80g",
    "price": [
      "8,690원",
      "(100g당 1,810원)",
      "일시품절"
    ],
    "id": 622
  },
  {
    "link": "https://www.coupang.com/vp/products/169718124?itemId=485699708&vendorItemId=4224034343&sourceType=CAMPAIGN&campaignId=82&categoryId=445759",
    "image": "https://thumbnail7.coupangcdn.com/thumbnails/remote/230x230ex/image/retail/images/2018/12/20/17/3/7273859d-d4dd-451a-b00a-31f45a921806.jpg",
    "name": "캣츠미어 고양이 사료 참치와 치킨토핑, 170g, 6개입",
    "price": [
      "와우할인가 | 20% 11,880",
      "9,400원",
      "(100g당 922원)",
      "일시품절"
    ],
    "id": 623
  },
  {
    "link": "https://www.coupang.com/vp/products/1874553?itemId=8284120&vendorItemId=3011490008&sourceType=CAMPAIGN&campaignId=82&categoryId=445759",
    "image": "https://thumbnail8.coupangcdn.com/thumbnails/remote/230x230ex/image/retail/images/44256848805127-dd9f80da-47f0-4cf3-ac5a-d6ce367ac5a5.jpg",
    "name": "컴페니언펫츠클래식 고양이 사료 헤어볼방지 기능성, 1.5kg, 1개",
    "price": [
      "36% 12,000",
      "7,610원",
      "(100g당 507원)",
      "일시품절"
    ],
    "id": 624
  },
  {
    "link": "https://www.coupang.com/vp/products/331821639?itemId=1060271119&vendorItemId=5537530520&sourceType=CAMPAIGN&campaignId=82&categoryId=445759",
    "image": "https://thumbnail9.coupangcdn.com/thumbnails/remote/230x230ex/image/retail/images/2019/10/31/21/3/9c7e6e14-9f82-4ce4-b8c4-70e9468b08e6.jpg",
    "name": "캣츠미어 고양이사료 참치와 연어토핑, 170g, 6개",
    "price": [
      "와우할인가 | 5% 9,900",
      "9,400원",
      "(100g당 922원)",
      "일시품절"
    ],
    "id": 625
  },
  {
    "link": "https://www.coupang.com/vp/products/5156684375?itemId=7094513145&vendorItemId=74386474117&sourceType=CAMPAIGN&campaignId=82&categoryId=445759",
    "image": "https://thumbnail7.coupangcdn.com/thumbnails/remote/230x230ex/image/rs_quotation_api/awhkbmsw/ed9dd19f58d645dd9026f1c53e637551.jpg",
    "name": "웨루바 전연령용 캣츠인더키친 습식사료 24p, 90g, 램 버기니",
    "price": [
      "57,000원",
      "일시품절"
    ],
    "id": 626
  },
  {
    "link": "https://www.coupang.com/vp/products/188196535?itemId=52327996&vendorItemId=3081648837&sourceType=CAMPAIGN&campaignId=82&categoryId=445759",
    "image": "https://thumbnail9.coupangcdn.com/thumbnails/remote/230x230ex/image/product/image/vendoritem/2018/07/13/3081648837/2baf08a7-20e3-4778-9fb3-2f9f21fb0d1f.jpg",
    "name": "위스카스 고양이 주식 파우치 구운 고등어, 85g, 12개",
    "price": [
      "8,640원",
      "(100g당 847원)",
      "일시품절"
    ],
    "id": 627
  },
  {
    "link": "https://www.coupang.com/vp/products/1921041695?itemId=3261658791&vendorItemId=71248709021&sourceType=CAMPAIGN&campaignId=82&categoryId=445759",
    "image": "https://thumbnail8.coupangcdn.com/thumbnails/remote/230x230ex/image/retail/images/2020/08/04/14/7/c8d0dca5-dcc5-4612-9173-7ed05d757a58.jpg",
    "name": "보스케스 참치 + 새우 푸딩컵 캔 24p, 생선, 25g",
    "price": [
      "11,740원",
      "(100g당 1,957원)",
      "일시품절"
    ],
    "id": 628
  },
  {
    "link": "https://www.coupang.com/vp/products/1921041612?itemId=3261658728&vendorItemId=71248708960&sourceType=CAMPAIGN&campaignId=82&categoryId=445759",
    "image": "https://thumbnail8.coupangcdn.com/thumbnails/remote/230x230ex/image/retail/images/2020/08/04/14/4/33a2872b-50e8-4764-af02-980fde8fc65f.jpg",
    "name": "보스케스 참치 푸딩컵 캔 24p, 생선, 25g",
    "price": [
      "11,740원",
      "(100g당 1,957원)",
      "일시품절"
    ],
    "id": 629
  },
  {
    "link": "https://www.coupang.com/vp/products/1914595385?itemId=3250685726&vendorItemId=71237772330&sourceType=CAMPAIGN&campaignId=82&categoryId=445759",
    "image": "https://thumbnail6.coupangcdn.com/thumbnails/remote/230x230ex/image/retail/images/2020/08/04/10/3/07019037-99db-4a8c-a77a-6bb5948829af.jpg",
    "name": "블루키친 전연령 블루런치 캣 치킨 앤 터키 건식사료, 닭, 4.5kg",
    "price": [
      "19% 36,000",
      "29,000원",
      "(100g당 644원)",
      "일시품절"
    ],
    "id": 630
  },
  {
    "link": "https://www.coupang.com/vp/products/1713328422?itemId=2915763228&vendorItemId=70904442771&sourceType=CAMPAIGN&campaignId=82&categoryId=445759",
    "image": "https://thumbnail10.coupangcdn.com/thumbnails/remote/230x230ex/image/retail/images/2020/06/16/18/8/52cf9a12-2ff1-4803-81a4-f0dc4024077e.jpg",
    "name": "캣츠파인푸드 NO 25 고양이 주식캔 6p, 닭고기 + 참치, 400g",
    "price": [
      "44,450원",
      "(100g당 1,852원)",
      "일시품절",
      "중고 (1) 최저 39,150원"
    ],
    "id": 631
  },
  {
    "link": "https://www.coupang.com/vp/products/4947785107?itemId=6530729452&vendorItemId=73825388063&sourceType=CAMPAIGN&campaignId=82&categoryId=445759",
    "image": "https://thumbnail10.coupangcdn.com/thumbnails/remote/230x230ex/image/rs_quotation_api/rzhoab9k/344dfc1bcde14ce68d8fd2cda6a619b6.jpg",
    "name": "웨루바 고양이 클래식 마벨라 파엘라 주식캔 24p, 85g, 생선",
    "price": [
      "60,260원",
      "일시품절"
    ],
    "id": 632
  },
  {
    "link": "https://www.coupang.com/vp/products/5065285047?itemId=6846006704&vendorItemId=74138618888&sourceType=CAMPAIGN&campaignId=82&categoryId=445759",
    "image": "https://thumbnail7.coupangcdn.com/thumbnails/remote/230x230ex/image/retail/images/2021/02/24/16/4/36bdf217-37d1-43f0-82c5-0cc33b81e665.jpg",
    "name": "웨루바 전연령용 캣츠 인더 키친 칙매그넛 주식 파우치 12p, 90g, 닭",
    "price": [
      "28,500원",
      "일시품절"
    ],
    "id": 633
  },
  {
    "link": "https://www.coupang.com/vp/products/1464445073?itemId=2518663821&vendorItemId=70511590069&sourceType=CAMPAIGN&campaignId=82&categoryId=445759",
    "image": "https://thumbnail10.coupangcdn.com/thumbnails/remote/230x230ex/image/retail/images/2020/04/14/14/9/ec21137e-5f1a-401f-8cf4-5852cb39976e.jpg",
    "name": "가이세키 제핀 글로벌 5 플레져 고양이 사료, 곡물, 220g",
    "price": [
      "9,800원",
      "(100g당 4,455원)",
      "일시품절"
    ],
    "id": 634
  },
  {
    "link": "https://www.coupang.com/vp/products/4977365929?itemId=6619032635&vendorItemId=73912920945&sourceType=CAMPAIGN&campaignId=82&categoryId=445759",
    "image": "https://thumbnail6.coupangcdn.com/thumbnails/remote/230x230ex/image/rs_quotation_api/mgieckpb/9c5a6fc40fdb422e9c783d2261346de4.jpg",
    "name": "웨루바 전연령용 고양이 클래식 나인리버 습식캔 24p, 85g, 닭",
    "price": [
      "60,260원",
      "일시품절"
    ],
    "id": 635
  },
  {
    "link": "https://www.coupang.com/vp/products/188197989?itemId=52328031&vendorItemId=3081648785&sourceType=CAMPAIGN&campaignId=82&categoryId=445759",
    "image": "https://thumbnail8.coupangcdn.com/thumbnails/remote/230x230ex/image/product/image/vendoritem/2019/03/12/3081648785/0ae1dabc-8a74-4269-8ce0-197f92820006.jpg",
    "name": "쉬바 고양이 주식 파우치 참치와 고등어, 70g, 12팩",
    "price": [
      "11,340원",
      "(100g당 1,350원)",
      "일시품절"
    ],
    "id": 636
  },
  {
    "link": "https://www.coupang.com/vp/products/2160329035?itemId=3669909081&vendorItemId=71655300423&sourceType=CAMPAIGN&campaignId=82&categoryId=445759",
    "image": "https://thumbnail9.coupangcdn.com/thumbnails/remote/230x230ex/image/retail/images/2020/09/17/14/5/937ca205-c244-4242-a4c4-7fa7734485b5.jpg",
    "name": "테라펠리스 칠면조와 애호박 클래식 고양이 습식사료 2p, 칠면조, 200g",
    "price": [
      "14% 13,620",
      "11,580원",
      "(100g당 2,895원)",
      "일시품절"
    ],
    "id": 637
  },
  {
    "link": "https://www.coupang.com/vp/products/188196517?itemId=52328013&vendorItemId=3081648801&sourceType=CAMPAIGN&campaignId=82&categoryId=445759",
    "image": "https://thumbnail8.coupangcdn.com/thumbnails/remote/230x230ex/image/product/image/vendoritem/2018/07/13/3081648801/73f1b82a-c0e0-4723-8346-5d5192a56842.jpg",
    "name": "위스카스 고양이 주식 파우치 주니어 고등어, 85g, 12개입",
    "price": [
      "9,720원",
      "(100g당 953원)",
      "일시품절"
    ],
    "id": 638
  },
  {
    "link": "https://www.coupang.com/vp/products/1767433616?itemId=3009539902&vendorItemId=70997745894&sourceType=CAMPAIGN&campaignId=82&categoryId=445759",
    "image": "https://thumbnail9.coupangcdn.com/thumbnails/remote/230x230ex/image/retail/images/2020/06/30/9/2/62d09037-16ca-4904-8ec6-e0dd8121b95e.jpg",
    "name": "BlackHawk 키튼용 주식 파우치 그레인프리 닭고기 완두콩 앤 수프 12p, 닭, 85g",
    "price": [
      "20,450원",
      "(100g당 2,005원)",
      "일시품절"
    ],
    "id": 639
  },
  {
    "link": "https://www.coupang.com/vp/products/5002668589?itemId=6688704303&vendorItemId=73982382243&sourceType=CAMPAIGN&campaignId=82&categoryId=445759",
    "image": "https://thumbnail7.coupangcdn.com/thumbnails/remote/230x230ex/image/rs_quotation_api/t35xeifr/1a5c7492d931427195261d1d3d0b4cb9.jpg",
    "name": "웨루바 캣츠인더키친 골디락스 24p, 90g, 닭",
    "price": [
      "55,800원",
      "일시품절"
    ],
    "id": 640
  },
  {
    "link": "https://www.coupang.com/vp/products/1980421658?itemId=3369524962&vendorItemId=71356243632&sourceType=CAMPAIGN&campaignId=82&categoryId=445759",
    "image": "https://thumbnail7.coupangcdn.com/thumbnails/remote/230x230ex/image/retail/images/2020/08/20/10/0/50d402ef-4f9f-40db-9fcf-1daacca371a4.jpg",
    "name": "아딜론덱 전연령 GF LID 고양이 건식사료, 생선, 4.98kg",
    "price": [
      "85,500원",
      "(100g당 1,717원)",
      "일시품절"
    ],
    "id": 641
  },
  {
    "link": "https://www.coupang.com/vp/products/4964292109?itemId=6579707175&vendorItemId=73873709496&sourceType=CAMPAIGN&campaignId=82&categoryId=445759",
    "image": "https://thumbnail6.coupangcdn.com/thumbnails/remote/230x230ex/image/retail/images/2021/02/08/15/7/9f74091b-e0d4-4d20-a0f5-60ded48f56be.jpg",
    "name": "프라이멀 전연령 동결건조 포뮬라 고양이 사료 4p, 397g, 닭 앤 연어",
    "price": [
      "187,200원",
      "일시품절"
    ],
    "id": 642
  },
  {
    "link": "https://www.coupang.com/vp/products/38159276?itemId=530111147&vendorItemId=4380210166&sourceType=CAMPAIGN&campaignId=82&categoryId=445759",
    "image": "https://thumbnail8.coupangcdn.com/thumbnails/remote/230x230ex/image/retail/images/2019/02/13/11/6/e909781e-8115-46b5-aaba-9914e3c58009.jpg",
    "name": "뉴트리플랜 스페셜데이 든든한아침 참치와 닭고기 고양이 습식캔, 90g, 24개입",
    "price": [
      "35% 33,600",
      "21,800원",
      "(100g당 1,009원)",
      "일시품절"
    ],
    "id": 643
  },
  {
    "link": "https://www.coupang.com/vp/products/1767433687?itemId=3009540027&vendorItemId=70997746017&sourceType=CAMPAIGN&campaignId=82&categoryId=445759",
    "image": "https://thumbnail7.coupangcdn.com/thumbnails/remote/230x230ex/image/retail/images/2020/06/30/9/9/e23f1f37-726d-4aed-b4e7-a2d75e2e3270.jpg",
    "name": "BlackHawk MATURE 고양이 주식 파우치 그레인프리 닭고기 앤 연어 12p, 닭, 85g",
    "price": [
      "20,450원",
      "(100g당 2,005원)",
      "일시품절"
    ],
    "id": 644
  },
  {
    "link": "https://www.coupang.com/vp/products/301645817?itemId=949183649&vendorItemId=5341630477&sourceType=CAMPAIGN&campaignId=82&categoryId=445759",
    "image": "https://thumbnail9.coupangcdn.com/thumbnails/remote/230x230ex/image/retail/images/2019/09/09/22/3/6a98db0a-158e-4e9a-a994-56207529c5f7.jpg",
    "name": "리첼 고양이 보양삼계탕 닭고기와단호박 습식사료, 120g, 10개",
    "price": [
      "와우할인가 | 2% 16,800",
      "16,460원",
      "(100g당 1,372원)",
      "일시품절"
    ],
    "id": 645
  },
  {
    "link": "https://www.coupang.com/vp/products/1894829216?itemId=3219108158&vendorItemId=71206389803&sourceType=CAMPAIGN&campaignId=82&categoryId=445759",
    "image": "https://thumbnail8.coupangcdn.com/thumbnails/remote/230x230ex/image/retail/images/2020/07/22/14/2/8b329416-0f51-4bcf-9589-872767fcbdf8.jpg",
    "name": "퍼스트초이스 어덜트용 고양이 유리너리 건식사료, 닭, 1.8kg",
    "price": [
      "29,000원",
      "(100g당 1,611원)",
      "일시품절"
    ],
    "id": 646
  },
  {
    "link": "https://www.coupang.com/vp/products/1476938980?itemId=2537913450&vendorItemId=70530735844&sourceType=CAMPAIGN&campaignId=82&categoryId=445759",
    "image": "https://thumbnail9.coupangcdn.com/thumbnails/remote/230x230ex/image/retail/images/2020/04/09/16/3/44abad89-2d25-48cd-ad12-89002b5c44e2.jpg",
    "name": "보레알 전연령 오리지널 캣 건식사료, 칠면조, 2.26kg",
    "price": [
      "24% 34,000",
      "25,650원",
      "(100g당 1,135원)",
      "일시품절"
    ],
    "id": 647
  },
  {
    "link": "https://www.coupang.com/vp/products/343851564?itemId=1092434494&vendorItemId=5608059857&sourceType=CAMPAIGN&campaignId=82&categoryId=445759",
    "image": "https://thumbnail8.coupangcdn.com/thumbnails/remote/230x230ex/image/retail/images/2019/11/26/10/3/deed388f-032d-411f-8070-c4302ca55624.jpg",
    "name": "퓨리나 프로플랜 캣 살몬 키튼 그레이비 주식파우치, 85g, 12개",
    "price": [
      "15,530원",
      "(100g당 1,523원)",
      "일시품절"
    ],
    "id": 648
  },
  {
    "link": "https://www.coupang.com/vp/products/5493309034?itemId=8512425134&vendorItemId=75799887724&sourceType=CAMPAIGN&campaignId=82&categoryId=445759",
    "image": "https://thumbnail8.coupangcdn.com/thumbnails/remote/230x230ex/image/rs_quotation_api/ikqiwebu/824bd362575c4559993408823168064b.jpg",
    "name": "뉴로 고양이 시니어용 프리스타일 그레인프리 건식 사료 명태오리 앤 고구마 2p, 2.27kg, 생선",
    "price": [
      "58,000원",
      "일시품절"
    ],
    "id": 649
  },
  {
    "link": "https://www.coupang.com/vp/products/5382066435?itemId=7998800012&vendorItemId=75287601655&sourceType=CAMPAIGN&campaignId=82&categoryId=445759",
    "image": "https://thumbnail6.coupangcdn.com/thumbnails/remote/230x230ex/image/rs_quotation_api/ot3rvops/b4a6ec4f8217476f9750e0d43964dd3c.jpg",
    "name": "펫베이커리 전연령 고양이 양고기 동결건조 사료, 150g, 양",
    "price": [
      "와우할인가 | 7% 32,000",
      "29,760원",
      "일시품절"
    ],
    "id": 650
  },
  {
    "link": "https://www.coupang.com/vp/products/4977365917?itemId=6619032623&vendorItemId=73912920906&sourceType=CAMPAIGN&campaignId=82&categoryId=445759",
    "image": "https://thumbnail10.coupangcdn.com/thumbnails/remote/230x230ex/image/rs_quotation_api/fjk9kl6k/0e367502afbe4669ae2b72dc6f436341.jpg",
    "name": "웨루바 전연령용 고양이 클래식 파우 릭킨 치킨 습식캔 24p, 85g, 닭",
    "price": [
      "60,260원",
      "일시품절"
    ],
    "id": 651
  },
  {
    "link": "https://www.coupang.com/vp/products/4977365948?itemId=6619032654&vendorItemId=73912920958&sourceType=CAMPAIGN&campaignId=82&categoryId=445759",
    "image": "https://thumbnail6.coupangcdn.com/thumbnails/remote/230x230ex/image/rs_quotation_api/imi8opxc/31b3cbad3b79483bab31b427e95cc80e.jpg",
    "name": "웨루바 전연령용 고양이 클래식 아시안퓨전 습식캔 24p, 85g, 생선",
    "price": [
      "60,260원",
      "일시품절"
    ],
    "id": 652
  },
  {
    "link": "https://www.coupang.com/vp/products/3238336?itemId=7327994&vendorItemId=3009887543&sourceType=CAMPAIGN&campaignId=82&categoryId=445759",
    "image": "https://thumbnail10.coupangcdn.com/thumbnails/remote/230x230ex/image/product/image/vendoritem/2019/04/05/3009887543/c0515ccf-cf88-4bbc-a82c-54b4fcb06a9a.jpg",
    "name": "팬시피스트 통치킨파이 고양이 주식캔, 85g, 3개입 x 2개",
    "price": [
      "43% 8,400",
      "4,720원",
      "(10g당 93원)",
      "일시품절"
    ],
    "id": 653
  },
  {
    "link": "https://www.coupang.com/vp/products/823275?itemId=16196480&vendorItemId=3000280951&sourceType=CAMPAIGN&campaignId=82&categoryId=445759",
    "image": "https://thumbnail6.coupangcdn.com/thumbnails/remote/230x230ex/image/product/image/vendoritem/2019/03/27/3000280951/e71c8a58-ce4b-4913-8040-70ba94ccdd5f.jpg",
    "name": "트로벳 신장질환 결석예방 RID 애견사료, 5.21kg, 1개",
    "price": [
      "와우할인가 | 22% 70,000",
      "54,270원",
      "(100g당 1,042원)",
      "일시품절"
    ],
    "id": 654
  },
  {
    "link": "https://www.coupang.com/vp/products/4963645701?itemId=6578078493&vendorItemId=73872089138&sourceType=CAMPAIGN&campaignId=82&categoryId=445759",
    "image": "https://thumbnail7.coupangcdn.com/thumbnails/remote/230x230ex/image/rs_quotation_api/ywonyuz3/2afaeec2de244d1a97e201fc3ac0b425.jpg",
    "name": "뉴트리언스 고양이 어덜트용 인퓨전 헬씨 건식사료, 닭, 2.27kg",
    "price": [
      "19,900원",
      "일시품절"
    ],
    "id": 655
  },
  {
    "link": "https://www.coupang.com/vp/products/1322842?itemId=26269&vendorItemId=3000252849&sourceType=CAMPAIGN&campaignId=82&categoryId=445759",
    "image": "https://thumbnail10.coupangcdn.com/thumbnails/remote/230x230ex/image/product/image/vendoritem/2016/04/27/3000252849/483bd962-12a4-478a-944b-baf681a8610f.jpg",
    "name": "리얼오가닉 키튼 케어 반려묘 사료, 900g, 1개",
    "price": [
      "9% 11,000",
      "9,920원",
      "(100g당 1,102원)",
      "일시품절"
    ],
    "id": 656
  },
  {
    "link": "https://www.coupang.com/vp/products/306258311?itemId=965640163&vendorItemId=5370341234&sourceType=CAMPAIGN&campaignId=82&categoryId=445759",
    "image": "https://thumbnail9.coupangcdn.com/thumbnails/remote/230x230ex/image/retail/images/2019/09/24/15/3/172e61a1-5624-46d1-80c6-056e376b7989.jpg",
    "name": "네코 골드 고양이 습식캔 참치 연어 육수, 12개",
    "price": [
      "12,720원",
      "일시품절",
      "박스 훼손 (1) 최저 12,330원"
    ],
    "id": 657
  },
  {
    "link": "https://www.coupang.com/vp/products/5613810908?itemId=9078454973&vendorItemId=76364722902&sourceType=CAMPAIGN&campaignId=82&categoryId=445759",
    "image": "https://thumbnail8.coupangcdn.com/thumbnails/remote/230x230ex/image/retail/images/2021/06/02/15/4/feca75d5-6e3c-40fa-821c-ed14f280c781.jpg",
    "name": "헤일로 고양이 인도어 캣 헬시웨이트 치킨 앤 치킨간 건식사료, 1.36kg, 닭",
    "price": [
      "22,150원",
      "일시품절"
    ],
    "id": 658
  },
  {
    "link": "https://www.coupang.com/vp/products/5613810885?itemId=9078454919&vendorItemId=76364722771&sourceType=CAMPAIGN&campaignId=82&categoryId=445759",
    "image": "https://thumbnail7.coupangcdn.com/thumbnails/remote/230x230ex/image/retail/images/2021/06/02/15/9/3a323350-2951-4628-80de-f1952d633b13.jpg",
    "name": "헤일로 고양이 캣 센서티브 스토맥 씨푸드 메들리 건식사료, 1.36kg, 생선",
    "price": [
      "21,900원",
      "일시품절"
    ],
    "id": 659
  },
  {
    "link": "https://www.coupang.com/vp/products/5560454637?itemId=8819235167&vendorItemId=76106079144&sourceType=CAMPAIGN&campaignId=82&categoryId=445759",
    "image": "https://thumbnail9.coupangcdn.com/thumbnails/remote/230x230ex/image/retail/images/2021/05/24/9/6/869a9a9f-0f0d-468e-87e8-dd881864e189.jpg",
    "name": "릴리스키친 고양이 전연령용 캣치 오브 더데이 주식캔 19p, 85g, 생선",
    "price": [
      "45,600원",
      "일시품절"
    ],
    "id": 660
  },
  {
    "link": "https://www.coupang.com/vp/products/5498880799?itemId=8536706220&vendorItemId=75824117059&sourceType=CAMPAIGN&campaignId=82&categoryId=445759",
    "image": "https://thumbnail10.coupangcdn.com/thumbnails/remote/230x230ex/image/rs_quotation_api/s0ye7xnq/08487bad94cd47b4aa41f33705bee2ff.png",
    "name": "퓨어라이프 어덜트용 포 캣 스테럴라이즈드 건식사료, 2kg, 오리",
    "price": [
      "39,000원",
      "일시품절"
    ],
    "id": 661
  },
  {
    "link": "https://www.coupang.com/vp/products/2380447604?itemId=4152393349&vendorItemId=72136277985&sourceType=CAMPAIGN&campaignId=82&categoryId=445759",
    "image": "https://thumbnail10.coupangcdn.com/thumbnails/remote/230x230ex/image/retail/images/2020/11/04/10/8/cf4ef11a-1e08-48f7-a98c-1fd4ce16ed35.jpg",
    "name": "마리아 전연령용 고양이 습식사료 70g x 2종, 생선",
    "price": [
      "10,000원",
      "일시품절"
    ],
    "id": 662
  },
  {
    "link": "https://www.coupang.com/vp/products/5498880781?itemId=8536706102&vendorItemId=75824117003&sourceType=CAMPAIGN&campaignId=82&categoryId=445759",
    "image": "https://thumbnail6.coupangcdn.com/thumbnails/remote/230x230ex/image/rs_quotation_api/vvkzhd8o/40c97c3c8121477e98ed340b358dee95.png",
    "name": "퓨어라이프 키튼 포 캣 건식사료, 2kg, 오리",
    "price": [
      "39,000원",
      "일시품절"
    ],
    "id": 663
  },
  {
    "link": "https://www.coupang.com/vp/products/1464204089?itemId=2518321375&vendorItemId=70511254189&sourceType=CAMPAIGN&campaignId=82&categoryId=445759",
    "image": "https://thumbnail8.coupangcdn.com/thumbnails/remote/230x230ex/image/retail/images/2020/04/03/15/8/45a6234e-e8e2-4f76-aef5-18ebf465aafe.jpg",
    "name": "go 전연련용 솔루션 LID 레시피 고양이 건식 사료, 생선, 1.36kg",
    "price": [
      "12% 27,000",
      "23,590원",
      "(100g당 1,735원)",
      "일시품절",
      "박스 훼손 (1) 최저 22,880원"
    ],
    "id": 664
  },
  {
    "link": "https://www.coupang.com/vp/products/1237520105?itemId=2232784469&vendorItemId=70230364977&sourceType=CAMPAIGN&campaignId=82&categoryId=445759",
    "image": "https://thumbnail8.coupangcdn.com/thumbnails/remote/230x230ex/image/retail/images/2152995085859212-f5360a77-9f5c-478b-8f42-8aa2671f01c0.jpg",
    "name": "벤티 캣 주식 파우치 12p, 참치 + 새우, 50g",
    "price": [
      "13,000원",
      "(100g당 2,167원)",
      "일시품절"
    ],
    "id": 665
  },
  {
    "link": "https://www.coupang.com/vp/products/1464204089?itemId=2518321377&vendorItemId=70511254214&sourceType=CAMPAIGN&campaignId=82&categoryId=445759",
    "image": "https://thumbnail10.coupangcdn.com/thumbnails/remote/230x230ex/image/retail/images/2020/04/03/15/7/a66ba7fe-0f20-49cc-a7bb-5e1b18d9121e.jpg",
    "name": "go 전연련용 솔루션 LID 레시피 고양이 건식 사료, 볼락, 3.63kg",
    "price": [
      "8% 55,900",
      "51,380원",
      "(100g당 1,415원)",
      "일시품절"
    ],
    "id": 666
  },
  {
    "link": "https://www.coupang.com/vp/products/90652247?itemId=282643910&vendorItemId=3692780731&sourceType=CAMPAIGN&campaignId=82&categoryId=445759",
    "image": "https://thumbnail6.coupangcdn.com/thumbnails/remote/230x230ex/image/retail/images/2018/05/10/16/6/68d617a0-4962-4d6f-aa85-833658977fe5.jpg",
    "name": "사조 옵티원 캣 연어아마씨 건식사료, 2.4kg, 1개",
    "price": [
      "14% 26,000",
      "22,290원",
      "(100g당 929원)",
      "일시품절"
    ],
    "id": 667
  },
  {
    "link": "https://www.coupang.com/vp/products/1251783991?itemId=2537475219&vendorItemId=70248622862&sourceType=CAMPAIGN&campaignId=82&categoryId=445759",
    "image": "https://thumbnail10.coupangcdn.com/thumbnails/remote/230x230ex/image/retail/images/2020/02/06/11/9/8a0dc972-5336-42a2-8586-d15fbf331c30.jpg",
    "name": "치킨수프 클래식 키튼 닭고기 현미와 완두 콩 고양이 건식사료, 닭, 2.04kg",
    "price": [
      "와우할인가 | 17% 33,000",
      "27,080원",
      "(100g당 1,327원)",
      "일시품절"
    ],
    "id": 668
  },
  {
    "link": "https://www.coupang.com/vp/products/1254873837?itemId=2263735681&vendorItemId=70260988559&sourceType=CAMPAIGN&campaignId=82&categoryId=445759",
    "image": "https://thumbnail9.coupangcdn.com/thumbnails/remote/230x230ex/image/retail/images/2020/02/14/10/1/e9f715d7-6df8-41c1-8299-436e5c41c655.jpg",
    "name": "치킨수프 전연령용 그레인프리 고양이 건식 사료, 연어 + 콩, 5.44kg",
    "price": [
      "32% 85,000",
      "57,380원",
      "(100g당 1,055원)",
      "일시품절"
    ],
    "id": 669
  },
  {
    "link": "https://www.coupang.com/vp/products/90652209?itemId=282643860&vendorItemId=3692780454&sourceType=CAMPAIGN&campaignId=82&categoryId=445759",
    "image": "https://thumbnail7.coupangcdn.com/thumbnails/remote/230x230ex/image/retail/images/2018/05/10/16/8/03f3edb2-2ad1-4d4c-bde5-52313aa8fd02.jpg",
    "name": "사조 옵티원 캣 오리해바라기씨 건식사료, 2.4kg, 1개",
    "price": [
      "24% 30,000",
      "22,740원",
      "(100g당 948원)",
      "일시품절"
    ],
    "id": 670
  },
  {
    "link": "https://www.coupang.com/vp/products/1464204089?itemId=2518321371&vendorItemId=70511254145&sourceType=CAMPAIGN&campaignId=82&categoryId=445759",
    "image": "https://thumbnail8.coupangcdn.com/thumbnails/remote/230x230ex/image/retail/images/2020/04/03/15/4/29783899-c009-459f-96c3-58621e6d21fa.jpg",
    "name": "go 전연련용 솔루션 LID 레시피 고양이 건식 사료, 오리, 3.63kg",
    "price": [
      "8% 55,900",
      "51,380원",
      "(100g당 1,415원)",
      "일시품절"
    ],
    "id": 671
  },
  {
    "link": "https://www.coupang.com/vp/products/343851594?itemId=1092434546&vendorItemId=5608060051&sourceType=CAMPAIGN&campaignId=82&categoryId=445759",
    "image": "https://thumbnail7.coupangcdn.com/thumbnails/remote/230x230ex/image/retail/images/2019/11/26/10/4/df7c0b44-4ffa-4cdc-9ec9-03029f69f5fb.jpg",
    "name": "퓨리나 프로플랜 캣 센서티브 민감성 소화 순살 닭고기 주식파우치, 85g, 12개",
    "price": [
      "24,000원",
      "(100g당 2,353원)",
      "일시품절",
      "박스 훼손 (1) 최저 23,280원"
    ],
    "id": 672
  },
  {
    "link": "https://www.coupang.com/vp/products/1916394217?itemId=3253695263&vendorItemId=71240767035&sourceType=CAMPAIGN&campaignId=82&categoryId=445759",
    "image": "https://thumbnail8.coupangcdn.com/thumbnails/remote/230x230ex/image/retail/images/2020/07/30/21/9/1c859c67-3660-4610-a6c6-2da95fe9046e.jpg",
    "name": "클래식펫츠 전연령 고양이 간식 6p, 연어, 80g",
    "price": [
      "12% 9,960",
      "8,690원",
      "(100g당 1,810원)",
      "일시품절"
    ],
    "id": 673
  },
  {
    "link": "https://www.coupang.com/vp/products/5493309037?itemId=8512425149&vendorItemId=75799887730&sourceType=CAMPAIGN&campaignId=82&categoryId=445759",
    "image": "https://thumbnail7.coupangcdn.com/thumbnails/remote/230x230ex/image/rs_quotation_api/n7liqwgl/9d158505ff1f4d09a5e03ae7be152ea6.jpg",
    "name": "뉴로 고양이 전연령 프리스타일 그레인프리 건식 사료 닭고기 앤 대구 2p, 2.27kg, 닭",
    "price": [
      "58,000원",
      "일시품절"
    ],
    "id": 674
  },
  {
    "link": "https://www.coupang.com/vp/products/823268?itemId=3231557&vendorItemId=3000106350&sourceType=CAMPAIGN&campaignId=82&categoryId=445759",
    "image": "https://thumbnail8.coupangcdn.com/thumbnails/remote/230x230ex/image/retail/images/14402630794684-71954bf1-8710-4f11-952b-0d0645d59dbf.jpg",
    "name": "트로벳 ASD 결석용 고양이 처방식사료, 5.21kg, 1개",
    "price": [
      "와우할인가 | 35% 80,000",
      "51,680원",
      "(100g당 992원)",
      "일시품절",
      "박스 훼손 (1) 최저 51,680원"
    ],
    "id": 675
  },
  {
    "link": "https://www.coupang.com/vp/products/3230207?itemId=8284111&vendorItemId=3011490002&sourceType=CAMPAIGN&campaignId=82&categoryId=445759",
    "image": "https://thumbnail7.coupangcdn.com/thumbnails/remote/230x230ex/image/retail/images/44826073088375-c044c62a-d0aa-44bf-876e-876d52b700af.jpg",
    "name": "컴페니언펫츠클래식 고양이 사료 씨푸드, 1.5kg, 1개",
    "price": [
      "36% 12,000",
      "7,610원",
      "(100g당 507원)",
      "일시품절"
    ],
    "id": 676
  },
  {
    "link": "https://www.coupang.com/vp/products/2764095?itemId=12771366&vendorItemId=3019503422&sourceType=CAMPAIGN&campaignId=82&categoryId=445759",
    "image": "https://thumbnail8.coupangcdn.com/thumbnails/remote/230x230ex/image/product/image/vendoritem/2016/05/09/3019503422/0771e208-7397-47a4-a054-8da5da6e209b.jpg",
    "name": "사나벨 스터라이즈 중성화용 기능성 사료, 10kg, 1개",
    "price": [
      "29% 110,000",
      "77,140원",
      "(100g당 771원)",
      "일시품절"
    ],
    "id": 677
  },
  {
    "link": "https://www.coupang.com/vp/products/10228836?itemId=7328241&vendorItemId=3009887532&sourceType=CAMPAIGN&campaignId=82&categoryId=445759",
    "image": "https://thumbnail9.coupangcdn.com/thumbnails/remote/230x230ex/image/product/image/vendoritem/2016/06/14/3009887532/056eeca2-4439-4eae-a84c-1033eba92c2f.jpg",
    "name": "팬시피스트 키튼 텐더 흰살생선 고양이 주식캔, 85g, 6개",
    "price": [
      "23% 8,400",
      "6,440원",
      "(100g당 1,263원)",
      "일시품절"
    ],
    "id": 678
  },
  {
    "link": "https://www.coupang.com/vp/products/188196521?itemId=52328009&vendorItemId=3081648841&sourceType=CAMPAIGN&campaignId=82&categoryId=445759",
    "image": "https://thumbnail7.coupangcdn.com/thumbnails/remote/230x230ex/image/product/image/vendoritem/2018/07/13/3081648841/ce875dec-b2ae-4c54-9557-01b4fa5385b4.jpg",
    "name": "위스카스 고양이 주식 파우치 닭고기와 참치, 85g, 12개",
    "price": [
      "7,280원",
      "(100g당 714원)",
      "일시품절"
    ],
    "id": 679
  },
  {
    "link": "https://www.coupang.com/vp/products/207669?itemId=396410&vendorItemId=3000305010&sourceType=CAMPAIGN&campaignId=82&categoryId=445759",
    "image": "https://thumbnail8.coupangcdn.com/thumbnails/remote/230x230ex/image/product/image/vendoritem/2016/05/09/3000305010/ba73fdd5-b450-4be0-af9b-c7ec1f0e9517.jpg",
    "name": "에이엔에프 6Free 웨이트 케어 고양이 사료, 1kg, 1개",
    "price": [
      "12,940원",
      "(100g당 1,294원)",
      "일시품절"
    ],
    "id": 680
  },
  {
    "link": "https://www.coupang.com/vp/products/175631462?itemId=502268439&vendorItemId=4282040850&sourceType=CAMPAIGN&campaignId=82&categoryId=445759",
    "image": "https://thumbnail10.coupangcdn.com/thumbnails/remote/230x230ex/image/retail/images/2019/01/10/13/3/f85a4681-9b27-44e8-b878-4c3889f67951.jpg",
    "name": "1004 스마트 캣츠유 고양이사료, 5kg, 1개",
    "price": [
      "13% 11,900",
      "10,240원",
      "(100g당 205원)",
      "일시품절"
    ],
    "id": 681
  },
  {
    "link": "https://www.coupang.com/vp/products/4655581033?itemId=5809089454&vendorItemId=73107566209&sourceType=CAMPAIGN&campaignId=82&categoryId=445759",
    "image": "https://thumbnail6.coupangcdn.com/thumbnails/remote/230x230ex/image/rs_quotation_api/kta8he33/70b35db1eb0349ab8f0ec5f933bc2161.jpg",
    "name": "캣아이디어 키튼 씨피쉬 그레인프리 고양이 건식사료, 생선, 2kg",
    "price": [
      "40,000원",
      "일시품절"
    ],
    "id": 682
  },
  {
    "link": "https://www.coupang.com/vp/products/10046?itemId=27835&vendorItemId=3000429646&sourceType=CAMPAIGN&campaignId=82&categoryId=445759",
    "image": "https://thumbnail6.coupangcdn.com/thumbnails/remote/230x230ex/image/product/image/vendoritem/2019/04/30/3000429646/f07279e1-6e01-489d-a80d-3d09500a4c01.jpg",
    "name": "나우프레쉬 그레인프리 어덜트 고양이 사료, 1.81kg, 1개",
    "price": [
      "30% 42,000",
      "29,260원",
      "(100g당 1,617원)",
      "일시품절"
    ],
    "id": 683
  },
  {
    "link": "https://www.coupang.com/vp/products/1548521283?itemId=2650451721&vendorItemId=70641293572&sourceType=CAMPAIGN&campaignId=82&categoryId=445759",
    "image": "https://thumbnail6.coupangcdn.com/thumbnails/remote/230x230ex/image/retail/images/2020/05/06/16/2/27cc549a-0eab-4015-bc8d-ead3aa0536b9.jpg",
    "name": "로투스 캣 오븐베이크 그레인프리 건식사료, 닭, 2.2kg",
    "price": [
      "52,000원",
      "(100g당 2,364원)",
      "일시품절"
    ],
    "id": 684
  },
  {
    "link": "https://www.coupang.com/vp/products/9859863?itemId=12821611&vendorItemId=3019589739&sourceType=CAMPAIGN&campaignId=82&categoryId=445759",
    "image": "https://thumbnail10.coupangcdn.com/thumbnails/remote/230x230ex/image/product/image/vendoritem/2016/04/29/3019589739/8b5bd9e3-f124-41c6-ba6e-286a837701a1.jpg",
    "name": "펫스토리 프리미엄 로얄 고양이캔, 85g, 12개, 참치 + 연어",
    "price": [
      "8,030원",
      "(100g당 787원)",
      "일시품절"
    ],
    "id": 685
  },
  {
    "link": "https://www.coupang.com/vp/products/9859863?itemId=12821616&vendorItemId=3019589749&sourceType=CAMPAIGN&campaignId=82&categoryId=445759",
    "image": "https://thumbnail10.coupangcdn.com/thumbnails/remote/230x230ex/image/product/image/vendoritem/2016/04/29/3019589749/d3ba4221-41d3-48e0-bcfc-261c62cea211.jpg",
    "name": "펫스토리 프리미엄 로얄 고양이캔, 85g, 12개, 헤어볼전용",
    "price": [
      "7,430원",
      "(100g당 728원)",
      "일시품절"
    ],
    "id": 686
  },
  {
    "link": "https://www.coupang.com/vp/products/9859863?itemId=12821610&vendorItemId=3019589735&sourceType=CAMPAIGN&campaignId=82&categoryId=445759",
    "image": "https://thumbnail6.coupangcdn.com/thumbnails/remote/230x230ex/image/product/image/vendoritem/2016/04/29/3019589735/6b47e2bf-3a45-48c1-87af-00a13c4ad42e.jpg",
    "name": "펫스토리 프리미엄 로얄 고양이캔, 85g, 12개, 참치 + 치어",
    "price": [
      "7,430원",
      "(100g당 728원)",
      "일시품절"
    ],
    "id": 687
  },
  {
    "link": "https://www.coupang.com/vp/products/9859863?itemId=12821614&vendorItemId=3019589746&sourceType=CAMPAIGN&campaignId=82&categoryId=445759",
    "image": "https://thumbnail9.coupangcdn.com/thumbnails/remote/230x230ex/image/product/image/vendoritem/2016/04/29/3019589746/b6e40b5b-558c-4c6b-93e5-2fe2d6d53436.jpg",
    "name": "펫스토리 프리미엄 로얄 고양이캔, 85g, 12개, 참치 + 게살",
    "price": [
      "7,430원",
      "(100g당 728원)",
      "일시품절"
    ],
    "id": 688
  },
  {
    "link": "https://www.coupang.com/vp/products/9859863?itemId=12821617&vendorItemId=3019589751&sourceType=CAMPAIGN&campaignId=82&categoryId=445759",
    "image": "https://thumbnail8.coupangcdn.com/thumbnails/remote/230x230ex/image/product/image/vendoritem/2016/04/29/3019589751/8426027c-1abe-4c64-9d5d-1c4a0ce3d95a.jpg",
    "name": "펫스토리 프리미엄 로얄 고양이캔, 85g, 12개, 참치 + 치킨",
    "price": [
      "7,430원",
      "(100g당 728원)",
      "일시품절"
    ],
    "id": 689
  },
  {
    "link": "https://www.coupang.com/vp/products/9859863?itemId=8940341&vendorItemId=3012708507&sourceType=CAMPAIGN&campaignId=82&categoryId=445759",
    "image": "https://thumbnail10.coupangcdn.com/thumbnails/remote/230x230ex/image/product/image/vendoritem/2016/04/29/3012708507/dfd8ff46-76fe-4c4f-9f62-368b4c1eac40.jpg",
    "name": "펫스토리 프리미엄 로얄 고양이캔, 85g, 10개, 참치 + 치어",
    "price": [
      "6,330원",
      "(100g당 745원)",
      "일시품절"
    ],
    "id": 690
  },
  {
    "link": "https://www.coupang.com/vp/products/9859863?itemId=8940340&vendorItemId=3012708506&sourceType=CAMPAIGN&campaignId=82&categoryId=445759",
    "image": "https://thumbnail6.coupangcdn.com/thumbnails/remote/230x230ex/image/product/image/vendoritem/2016/04/29/3012708506/5bca0098-0ce4-4c71-9e64-a1ebb036a3b9.jpg",
    "name": "펫스토리 프리미엄 로얄 고양이캔, 85g, 10개, 헤어볼",
    "price": [
      "6,330원",
      "(100g당 745원)",
      "일시품절"
    ],
    "id": 691
  },
  {
    "link": "https://www.coupang.com/vp/products/9859863?itemId=8940344&vendorItemId=3012708509&sourceType=CAMPAIGN&campaignId=82&categoryId=445759",
    "image": "https://thumbnail9.coupangcdn.com/thumbnails/remote/230x230ex/image/product/image/vendoritem/2016/04/29/3012708509/64e0bd7a-bd2d-4918-93c3-4db2f9f51513.jpg",
    "name": "펫스토리 프리미엄 로얄 고양이캔, 85g, 10개, 참치 + 치킨",
    "price": [
      "6,330원",
      "(100g당 745원)",
      "일시품절"
    ],
    "id": 692
  },
  {
    "link": "https://www.coupang.com/vp/products/188196507?itemId=52328003&vendorItemId=3081648853&sourceType=CAMPAIGN&campaignId=82&categoryId=445759",
    "image": "https://thumbnail10.coupangcdn.com/thumbnails/remote/230x230ex/image/product/image/vendoritem/2018/07/13/3081648853/e97df48a-64a9-465f-8a05-72c2b80c8510.jpg",
    "name": "위스카스 고양이 주식 파우치 고등어, 12개, 85g",
    "price": [
      "7,300원",
      "(100g당 716원)",
      "일시품절"
    ],
    "id": 693
  },
  {
    "link": "https://www.coupang.com/vp/products/1486953243?itemId=2553264042&vendorItemId=70545817645&sourceType=CAMPAIGN&campaignId=82&categoryId=445759",
    "image": "https://thumbnail7.coupangcdn.com/thumbnails/remote/230x230ex/image/retail/images/2020/04/09/16/2/8cd8302a-0e0f-4b06-a940-18d1b7b7f701.jpg",
    "name": "보레알 프로퍼 캣 치킨 건식사료, 닭, 2.26kg",
    "price": [
      "13% 21,840",
      "18,900원",
      "(100g당 836원)",
      "일시품절"
    ],
    "id": 694
  },
  {
    "link": "https://www.coupang.com/vp/products/4655583527?itemId=5809095564&vendorItemId=73107566202&sourceType=CAMPAIGN&campaignId=82&categoryId=445759",
    "image": "https://thumbnail10.coupangcdn.com/thumbnails/remote/230x230ex/image/rs_quotation_api/9r5hqop3/89114d50ba444923a58a2c614cdeec33.jpg",
    "name": "캣아이디어 전연령 씨피쉬 피스트 그레인프리 고양이 건식사료, 생선, 2kg",
    "price": [
      "40,000원",
      "일시품절"
    ],
    "id": 695
  },
  {
    "link": "https://www.coupang.com/vp/products/6047061?itemId=210668&vendorItemId=3504566611&sourceType=CAMPAIGN&campaignId=82&categoryId=445759",
    "image": "https://thumbnail9.coupangcdn.com/thumbnails/remote/230x230ex/image/product/image/vendoritem/2019/05/17/3504566611/1691dd2d-6293-4be2-9b02-93c3a6268716.jpg",
    "name": "테이스트오브더와일드 송어 앤 훈제연어 고양이 건식사료, 1개, 6.8kg",
    "price": [
      "53,490원",
      "(100g당 787원)",
      "일시품절"
    ],
    "id": 696
  },
  {
    "link": "https://www.coupang.com/vp/products/6047061?itemId=27093973&vendorItemId=3040039622&sourceType=CAMPAIGN&campaignId=82&categoryId=445759",
    "image": "https://thumbnail10.coupangcdn.com/thumbnails/remote/230x230ex/image/retail/images/2016/08/08/10/1/123e6bd8-d1ab-485b-a91f-4e3c8418ebdf.jpg",
    "name": "테이스트오브더와일드 송어 앤 훈제연어 고양이 건식사료, 1개, 7kg",
    "price": [
      "38% 104,000",
      "64,390원",
      "(100g당 920원)",
      "일시품절"
    ],
    "id": 697
  },
  {
    "link": "https://www.coupang.com/vp/products/29694?itemId=71507&vendorItemId=3000035961&sourceType=CAMPAIGN&campaignId=82&categoryId=445759",
    "image": "https://thumbnail7.coupangcdn.com/thumbnails/remote/230x230ex/image/product/image/vendoritem/2019/02/15/3000035961/b25c0fd3-154a-467b-b60b-bd9dc9810d02.jpg",
    "name": "뉴트로 캣 1세 이하 오리지널 닭고기와 현미 건식사료, 2.95kg, 1개",
    "price": [
      "37% 32,000",
      "19,950원",
      "(100g당 676원)",
      "일시품절"
    ],
    "id": 698
  },
  {
    "link": "https://www.coupang.com/vp/products/1254873837?itemId=2255057989&vendorItemId=70252396522&sourceType=CAMPAIGN&campaignId=82&categoryId=445759",
    "image": "https://thumbnail7.coupangcdn.com/thumbnails/remote/230x230ex/image/retail/images/2020/02/12/11/7/7f23908e-2170-460b-bf5d-ecc030726745.jpg",
    "name": "치킨수프 전연령용 그레인프리 고양이 건식 사료, 닭고기 + 콩, 1.81kg",
    "price": [
      "35% 39,000",
      "25,080원",
      "(100g당 1,386원)",
      "일시품절"
    ],
    "id": 699
  },
  {
    "link": "https://www.coupang.com/vp/products/1254873837?itemId=2255057990&vendorItemId=70252396552&sourceType=CAMPAIGN&campaignId=82&categoryId=445759",
    "image": "https://thumbnail9.coupangcdn.com/thumbnails/remote/230x230ex/image/retail/images/2020/02/12/11/0/29e8deb4-0536-4257-abd9-382ced6c1b75.jpg",
    "name": "치킨수프 전연령용 그레인프리 고양이 건식 사료, 닭, 5.44kg",
    "price": [
      "32% 85,000",
      "57,380원",
      "(100g당 1,055원)",
      "일시품절"
    ],
    "id": 700
  },
  {
    "link": "https://www.coupang.com/vp/products/232938126?itemId=739914846&vendorItemId=76563660552&sourceType=CAMPAIGN&campaignId=82&categoryId=445759",
    "image": "https://thumbnail10.coupangcdn.com/thumbnails/remote/230x230ex/image/retail/images/517604727804577-bbd449b6-c025-4bfa-adf0-04829cd0599f.jpg",
    "name": "나우프레쉬 그레인 프리 피쉬 어덜트 씨에프 고양이 사료, 3.63kg, 1개",
    "price": [
      "53,600원",
      "(100g당 1,477원)",
      "일시품절"
    ],
    "id": 701
  },
  {
    "link": "https://www.coupang.com/vp/products/31304043?itemId=118300634&vendorItemId=3238341627&sourceType=CAMPAIGN&campaignId=82&categoryId=445759",
    "image": "https://thumbnail10.coupangcdn.com/thumbnails/remote/230x230ex/image/retail/images/2017/08/14/19/5/b46c674b-8381-4812-892d-5188d0d06f2a.jpg",
    "name": "어스본 홀리스틱 프리머티브 필라인 그레인프리 고양이사료, 2.27kg, 1개",
    "price": [
      "28,150원",
      "(100g당 1,240원)",
      "일시품절"
    ],
    "id": 702
  },
  {
    "link": "https://www.coupang.com/vp/products/3238249?itemId=433718&vendorItemId=3000344294&sourceType=CAMPAIGN&campaignId=82&categoryId=445759",
    "image": "https://thumbnail9.coupangcdn.com/thumbnails/remote/230x230ex/image/product/image/vendoritem/2017/10/30/3000344294/732a56a0-c50f-4d60-a36c-1fc06e516af0.jpg",
    "name": "뉴트로 인도어 시니어 닭고기와 현미 고양이 건식사료, 2.95kg, 1개",
    "price": [
      "21% 32,000",
      "25,050원",
      "(100g당 849원)",
      "일시품절"
    ],
    "id": 703
  },
  {
    "link": "https://www.coupang.com/vp/products/310232190?itemId=2823676868&vendorItemId=70813167005&sourceType=CAMPAIGN&campaignId=82&categoryId=445759",
    "image": "https://thumbnail6.coupangcdn.com/thumbnails/remote/230x230ex/image/retail/images/2020/06/02/20/5/fd7316ad-a0b8-43f3-98ef-ba4e3000d760.jpg",
    "name": "피니키 전연령용 캣 그레인 프리 건식사료, 닭, 210g",
    "price": [
      "7,000원",
      "(100g당 3,333원)",
      "일시품절"
    ],
    "id": 704
  },
  {
    "link": "https://www.coupang.com/vp/products/310232190?itemId=2823676869&vendorItemId=70813167033&sourceType=CAMPAIGN&campaignId=82&categoryId=445759",
    "image": "https://thumbnail6.coupangcdn.com/thumbnails/remote/230x230ex/image/retail/images/2020/06/02/20/2/55cac5e5-4ffa-4688-9ced-297d6dd0f769.jpg",
    "name": "피니키 전연령용 캣 그레인 프리 건식사료, 소, 210g",
    "price": [
      "7,000원",
      "(100g당 3,333원)",
      "일시품절"
    ],
    "id": 705
  },
  {
    "link": "https://www.coupang.com/vp/products/3238244?itemId=433676&vendorItemId=3000344285&sourceType=CAMPAIGN&campaignId=82&categoryId=445759",
    "image": "https://thumbnail8.coupangcdn.com/thumbnails/remote/230x230ex/image/product/image/vendoritem/2019/03/06/3000344285/b18072f6-2310-4ca3-a1a3-39eafb5e44e8.jpg",
    "name": "뉴트로 어덜트 연어와 현미 고양이 건식사료, 2.95kg",
    "price": [
      "30% 32,000",
      "22,170원",
      "(100g당 752원)",
      "일시품절"
    ],
    "id": 706
  },
  {
    "link": "https://www.coupang.com/vp/products/3230208?itemId=8284116&vendorItemId=3011490006&sourceType=CAMPAIGN&campaignId=82&categoryId=445759",
    "image": "https://thumbnail10.coupangcdn.com/thumbnails/remote/230x230ex/image/retail/images/44474902909943-b350cd68-2b04-4cd2-82cd-d4b9276e177d.jpg",
    "name": "컴페니언펫츠클래식 고양이 사료 참치맛, 1.5kg, 1개",
    "price": [
      "28% 12,000",
      "8,610원",
      "(100g당 574원)",
      "일시품절"
    ],
    "id": 707
  },
  {
    "link": "https://www.coupang.com/vp/products/95489?itemId=186839&vendorItemId=3000105545&sourceType=CAMPAIGN&campaignId=82&categoryId=445759",
    "image": "https://thumbnail7.coupangcdn.com/thumbnails/remote/230x230ex/image/product/image/vendoritem/2019/02/11/3000105545/475411e5-8633-4a7a-8911-2201a63d1455.jpg",
    "name": "로얄캐닌 라이트 웨이트 케어 고양이사료, 3.5kg, 1개",
    "price": [
      "30,260원",
      "(100g당 865원)",
      "일시품절"
    ],
    "id": 708
  },
  {
    "link": "https://www.coupang.com/vp/products/170649612?itemId=541517052&vendorItemId=4416734660&sourceType=CAMPAIGN&campaignId=82&categoryId=445759",
    "image": "https://thumbnail10.coupangcdn.com/thumbnails/remote/230x230ex/image/retail/images/2019/02/22/10/7/79985237-20c2-4cf0-9dc0-7c3c5b5d1d60.jpg",
    "name": "베스트브리드 홀리스틱 캣 다이어트 전연령용 사료, 6.8kg, 1개",
    "price": [
      "34% 105,000",
      "68,300원",
      "(100g당 1,004원)",
      "일시품절"
    ],
    "id": 709
  },
  {
    "link": "https://www.coupang.com/vp/products/1118897131?itemId=2084280539&vendorItemId=70083305631&sourceType=CAMPAIGN&campaignId=82&categoryId=445759",
    "image": "https://thumbnail6.coupangcdn.com/thumbnails/remote/230x230ex/image/retail/images/2019/12/24/16/6/fb73573c-7f73-4d27-b826-b664a084ee9f.jpg",
    "name": "내추럴발란스 LID 포뮬라 캣 푸드 캔 6p, 연어&완두, 85g",
    "price": [
      "15,420원",
      "(100g당 3,024원)",
      "일시품절"
    ],
    "id": 710
  },
  {
    "link": "https://www.coupang.com/vp/products/189607254?itemId=541517095&vendorItemId=4416734748&sourceType=CAMPAIGN&campaignId=82&categoryId=445759",
    "image": "https://thumbnail10.coupangcdn.com/thumbnails/remote/230x230ex/image/retail/images/2019/02/22/10/4/285fe645-e1fa-4504-936f-de8cc0f1d835.jpg",
    "name": "베스트브리드 그레인프리 캣 다이어트 전연령용 사료, 6.8kg, 1개",
    "price": [
      "46% 115,000",
      "61,780원",
      "(100g당 909원)",
      "일시품절"
    ],
    "id": 711
  },
  {
    "link": "https://www.coupang.com/vp/products/1118896589?itemId=2084280091&vendorItemId=70083305246&sourceType=CAMPAIGN&campaignId=82&categoryId=445759",
    "image": "https://thumbnail8.coupangcdn.com/thumbnails/remote/230x230ex/image/retail/images/2019/12/24/16/9/ff2bebb1-71e3-40a0-befd-ae6293cf9bae.jpg",
    "name": "내추럴발란스 오리지날 울트라 포뮬라 캣 푸드 캔 6p, 닭고기&닭간, 85g",
    "price": [
      "12,840원",
      "(100g당 2,518원)",
      "일시품절"
    ],
    "id": 712
  },
  {
    "link": "https://www.coupang.com/vp/products/5351727290?itemId=497389534&vendorItemId=4265132873&sourceType=CAMPAIGN&campaignId=82&categoryId=445759",
    "image": "https://thumbnail7.coupangcdn.com/thumbnails/remote/230x230ex/image/retail/images/1884039757773347-ead863bd-ce95-4c73-a72e-efee0ac84eb3.jpg",
    "name": "카나간 그레인프리 고양이 사료 프리런 치킨 맛, 8kg, 1개",
    "price": [
      "39% 145,000",
      "88,430원",
      "(100g당 1,105원)",
      "일시품절"
    ],
    "id": 713
  },
  {
    "link": "https://www.coupang.com/vp/products/5351727290?itemId=494238361&vendorItemId=4254173588&sourceType=CAMPAIGN&campaignId=82&categoryId=445759",
    "image": "https://thumbnail7.coupangcdn.com/thumbnails/remote/230x230ex/image/retail/images/1884039757773347-ead863bd-ce95-4c73-a72e-efee0ac84eb3.jpg",
    "name": "카나간 그레인프리 고양이 사료 프리런 치킨 맛, 4kg, 1개",
    "price": [
      "47% 89,000",
      "47,000원",
      "(100g당 1,175원)",
      "일시품절"
    ],
    "id": 714
  },
  {
    "link": "https://www.coupang.com/vp/products/2045642050?itemId=3477735930&vendorItemId=71464049384&sourceType=CAMPAIGN&campaignId=82&categoryId=445759",
    "image": "https://thumbnail9.coupangcdn.com/thumbnails/remote/230x230ex/image/retail/images/2020/08/25/10/0/621f6c15-daf5-4cd3-92a6-53947c7d6f64.jpg",
    "name": "로투스 전연령용 고양이 그레인프리 저스트 쥬시 주식캔 12p, 치킨 스튜, 150g",
    "price": [
      "12% 61,800",
      "54,300원",
      "(100g당 3,017원)",
      "일시품절"
    ],
    "id": 715
  },
  {
    "link": "https://www.coupang.com/vp/products/1319705381?itemId=2339951851&vendorItemId=70336544783&sourceType=CAMPAIGN&campaignId=82&categoryId=445759",
    "image": "https://thumbnail7.coupangcdn.com/thumbnails/remote/230x230ex/image/retail/images/2020/03/05/16/8/a6072628-568c-4ad4-a4df-ab3757275dff.jpg",
    "name": "리틀빅파우 고양이 무스 주식 캔 8p, 오션피쉬, 85g",
    "price": [
      "12,620원",
      "(100g당 1,856원)",
      "일시품절"
    ],
    "id": 716
  },
  {
    "link": "https://www.coupang.com/vp/products/1319705381?itemId=2339951862&vendorItemId=70336544872&sourceType=CAMPAIGN&campaignId=82&categoryId=445759",
    "image": "https://thumbnail7.coupangcdn.com/thumbnails/remote/230x230ex/image/retail/images/2020/03/05/16/8/87dfed96-c623-47f0-9854-79d0c822dc2b.jpg",
    "name": "리틀빅파우 고양이 무스 주식 캔 8p, 칠면조, 85g",
    "price": [
      "12,620원",
      "(100g당 1,856원)",
      "일시품절"
    ],
    "id": 717
  },
  {
    "link": "https://www.coupang.com/vp/products/1319705381?itemId=2339951854&vendorItemId=70336544845&sourceType=CAMPAIGN&campaignId=82&categoryId=445759",
    "image": "https://thumbnail9.coupangcdn.com/thumbnails/remote/230x230ex/image/retail/images/2020/03/05/16/0/8c02a571-2857-43ea-a78b-76779b702d34.jpg",
    "name": "리틀빅파우 고양이 무스 주식 캔 8p, 오리, 85g",
    "price": [
      "2% 12,880",
      "12,620원",
      "(100g당 1,856원)",
      "일시품절"
    ],
    "id": 718
  },
  {
    "link": "https://www.coupang.com/vp/products/1548521283?itemId=2650451724&vendorItemId=70641293603&sourceType=CAMPAIGN&campaignId=82&categoryId=445759",
    "image": "https://thumbnail7.coupangcdn.com/thumbnails/remote/230x230ex/image/retail/images/2020/05/06/16/5/facaf8ad-39e1-4d10-be09-4b2acc70a1a1.jpg",
    "name": "로투스 캣 오븐베이크 그레인프리 건식사료, 생선, 2.2kg",
    "price": [
      "52,000원",
      "(100g당 2,364원)",
      "일시품절"
    ],
    "id": 719
  },
  {
    "link": "https://www.coupang.com/vp/products/2268985058?itemId=3890710372&vendorItemId=71875335666&sourceType=CAMPAIGN&campaignId=82&categoryId=445759",
    "image": "https://thumbnail10.coupangcdn.com/thumbnails/remote/230x230ex/image/retail/images/2020/09/22/22/5/1e060208-31dc-460e-8738-c607d38342ba.jpg",
    "name": "케이나인내추럴 생후 3개월 이후 캣 피스트 주식캔 24p, 소, 85g",
    "price": [
      "78,050원",
      "(100g당 3,826원)",
      "일시품절"
    ],
    "id": 720
  },
  {
    "link": "https://www.coupang.com/vp/products/2268985058?itemId=3890710373&vendorItemId=71875335695&sourceType=CAMPAIGN&campaignId=82&categoryId=445759",
    "image": "https://thumbnail10.coupangcdn.com/thumbnails/remote/230x230ex/image/retail/images/2020/10/20/14/1/a6f5bb3e-cc08-462b-9b50-b662b0f2a24f.jpg",
    "name": "케이나인내추럴 생후 3개월 이후 캣 피스트 주식캔 24p, 양, 85g",
    "price": [
      "78,050원",
      "(100g당 3,826원)",
      "일시품절"
    ],
    "id": 721
  },
  {
    "link": "https://www.coupang.com/vp/products/2250608897?itemId=3847278752&vendorItemId=71832080403&sourceType=CAMPAIGN&campaignId=82&categoryId=445759",
    "image": "https://thumbnail10.coupangcdn.com/thumbnails/remote/230x230ex/image/retail/images/2020/09/28/17/8/faf794d1-7139-49fa-ad78-b7aa7a2e1f13.jpg",
    "name": "뉴트리플랜 성묘용 버라이어티콤보 습식사료 참치와 치즈 160g x 8p + 참치와 닭가슴살 160g x 8p + 참치와 멸치 160g x 8p + 흰살참치와 연어 160g x 8p + 참치와 통새우 160g x 8p 흰살참치와 게맛살 160g x 8p 세트, 생선",
    "price": [
      "39,800원",
      "일시품절"
    ],
    "id": 722
  },
  {
    "link": "https://www.coupang.com/vp/products/2169716955?itemId=3690625749&vendorItemId=71675946953&sourceType=CAMPAIGN&campaignId=82&categoryId=445759",
    "image": "https://thumbnail8.coupangcdn.com/thumbnails/remote/230x230ex/image/retail/images/1460717860421834-182f349a-fd57-4467-afc6-9774e4110a2b.jpg",
    "name": "LOTUS 캣 그레인프리 정어리 파테 습식사료 12p, 생선, 78g",
    "price": [
      "33,000원",
      "(100g당 3,526원)",
      "일시품절"
    ],
    "id": 723
  },
  {
    "link": "https://www.coupang.com/vp/products/2169716948?itemId=3690625737&vendorItemId=71675946938&sourceType=CAMPAIGN&campaignId=82&categoryId=445759",
    "image": "https://thumbnail7.coupangcdn.com/thumbnails/remote/230x230ex/image/retail/images/1460709565014782-aa7c8da5-52c8-48bf-8a11-b25e8d47f8d2.jpg",
    "name": "LOTUS 캣 그레인프리 오리고기 파테 습식사료 12p, 오리, 78g",
    "price": [
      "33,000원",
      "(100g당 3,526원)",
      "일시품절"
    ],
    "id": 724
  },
  {
    "link": "https://www.coupang.com/vp/products/2169716943?itemId=3690625734&vendorItemId=71675946923&sourceType=CAMPAIGN&campaignId=82&categoryId=445759",
    "image": "https://thumbnail9.coupangcdn.com/thumbnails/remote/230x230ex/image/retail/images/1460725174631392-82b9c327-40d9-4ee3-a82a-7a423db2d52c.jpg",
    "name": "LOTUS 캣 그레인프리 치킨 파테 습식사료 12p, 닭, 78g",
    "price": [
      "33,000원",
      "(100g당 3,526원)",
      "일시품절"
    ],
    "id": 725
  },
  {
    "link": "https://www.coupang.com/vp/products/2145342172?itemId=3642789495&vendorItemId=71628310778&sourceType=CAMPAIGN&campaignId=82&categoryId=445759",
    "image": "https://thumbnail8.coupangcdn.com/thumbnails/remote/230x230ex/image/retail/images/2020/09/21/10/7/8f0bb16f-09fc-489d-a78b-5e37232b8bfe.jpg",
    "name": "스케지어 네이처캣 고양이 캔 멀티팩 참치 + 농어 습식사료 12p, 생선, 50g",
    "price": [
      "16,800원",
      "(100g당 2,800원)",
      "일시품절"
    ],
    "id": 726
  },
  {
    "link": "https://www.coupang.com/vp/products/2145342015?itemId=3642789306&vendorItemId=71628310625&sourceType=CAMPAIGN&campaignId=82&categoryId=445759",
    "image": "https://thumbnail7.coupangcdn.com/thumbnails/remote/230x230ex/image/retail/images/2020/09/21/10/4/cd1ed846-271b-462f-856d-27e956494235.jpg",
    "name": "스케지어 네이처캣 고양이 캔 멀티팩 치킨 + 오리 습식사료 12p, 닭, 50g",
    "price": [
      "16,800원",
      "(100g당 2,800원)",
      "일시품절"
    ],
    "id": 727
  },
  {
    "link": "https://www.coupang.com/vp/products/2128988129?itemId=3613398461&vendorItemId=71599035146&sourceType=CAMPAIGN&campaignId=82&categoryId=445759",
    "image": "https://thumbnail9.coupangcdn.com/thumbnails/remote/230x230ex/image/retail/images/2020/09/07/10/0/9a4d66b3-55e1-47e1-886c-45394b0bc4a2.jpg",
    "name": "로투스 그레인프리 저스트 쥬시 치킨 스튜 고양이 주식캔, 닭, 150g",
    "price": [
      "127,200원",
      "(100g당 3,533원)",
      "일시품절"
    ],
    "id": 728
  },
  {
    "link": "https://www.coupang.com/vp/products/2081945093?itemId=3536620052&vendorItemId=71522626026&sourceType=CAMPAIGN&campaignId=82&categoryId=445759",
    "image": "https://thumbnail9.coupangcdn.com/thumbnails/remote/230x230ex/image/retail/images/2020/09/09/15/3/2e8c46db-f37a-4f72-a047-eb5c8419fe36.jpg",
    "name": "LOTUS 전연령용 캣 그레인프리 살몬 앤 야채 파테 습식사료 24p, 생선, 150g",
    "price": [
      "96,000원",
      "(100g당 2,667원)",
      "일시품절"
    ],
    "id": 729
  },
  {
    "link": "https://www.coupang.com/vp/products/2045642004?itemId=3477735896&vendorItemId=71464049329&sourceType=CAMPAIGN&campaignId=82&categoryId=445759",
    "image": "https://thumbnail6.coupangcdn.com/thumbnails/remote/230x230ex/image/retail/images/2020/08/25/10/9/506119d4-d193-4db9-9ad0-1f34b572c16b.jpg",
    "name": "로투스 전연령용 캣 그레인프리 주식캔 12p, 덕 파테, 150g",
    "price": [
      "48,600원",
      "(100g당 2,700원)",
      "일시품절"
    ],
    "id": 730
  },
  {
    "link": "https://www.coupang.com/vp/products/2016738564?itemId=3430465524&vendorItemId=71416982003&sourceType=CAMPAIGN&campaignId=82&categoryId=445759",
    "image": "https://thumbnail10.coupangcdn.com/thumbnails/remote/230x230ex/image/retail/images/2020/08/21/20/4/43ffcd67-1aa6-4051-8668-3855f7b1bbf8.jpg",
    "name": "맘블레스 전연령용 캣 연어 피부모질 건식사료, 생선, 1.2kg",
    "price": [
      "14,630원",
      "(100g당 1,219원)",
      "일시품절"
    ],
    "id": 731
  },
  {
    "link": "https://www.coupang.com/vp/products/2016566051?itemId=3430216547&vendorItemId=71416734828&sourceType=CAMPAIGN&campaignId=82&categoryId=445759",
    "image": "https://thumbnail7.coupangcdn.com/thumbnails/remote/230x230ex/image/retail/images/2020/08/27/16/0/f4c4fa23-6e51-43a2-a447-f010201cfbc0.jpg",
    "name": "LOTUS 전연령용 캣 그레인프리 치킨 앤 야채 파테 주식캔 24p, 닭, 150g",
    "price": [
      "96,000원",
      "(100g당 2,667원)",
      "일시품절"
    ],
    "id": 732
  },
  {
    "link": "https://www.coupang.com/vp/products/1921041591?itemId=3261658717&vendorItemId=71248708948&sourceType=CAMPAIGN&campaignId=82&categoryId=445759",
    "image": "https://thumbnail7.coupangcdn.com/thumbnails/remote/230x230ex/image/retail/images/2020/08/04/14/3/e04ba8ab-4437-4c9f-a09f-5632c6c8dd32.jpg",
    "name": "보스케스 참치 + 가리비 푸딩컵 캔 24p, 생선, 25g",
    "price": [
      "11,740원",
      "(100g당 1,957원)",
      "일시품절"
    ],
    "id": 733
  },
  {
    "link": "https://www.coupang.com/vp/products/1921016307?itemId=3261619881&vendorItemId=71248670389&sourceType=CAMPAIGN&campaignId=82&categoryId=445759",
    "image": "https://thumbnail8.coupangcdn.com/thumbnails/remote/230x230ex/image/retail/images/2020/08/04/17/0/91448422-6620-45e7-b0d4-f3a6ee2f16ee.jpg",
    "name": "보레알 전연령용 고양이 습식 푸드 24p, 치킨 + 연어 + 오리, 80g",
    "price": [
      "48,000원",
      "(100g당 2,500원)",
      "일시품절"
    ],
    "id": 734
  },
  {
    "link": "https://www.coupang.com/vp/products/1918819186?itemId=3257995451&vendorItemId=71245060927&sourceType=CAMPAIGN&campaignId=82&categoryId=445759",
    "image": "https://thumbnail10.coupangcdn.com/thumbnails/remote/230x230ex/image/retail/images/2020/08/05/9/7/1ba7e89f-1c2a-4f97-a11e-565a8287c3f4.jpg",
    "name": "프로바이오틱라이브 키튼용 치킨 건식사료, 닭, 2kg",
    "price": [
      "37,600원",
      "(100g당 1,880원)",
      "일시품절"
    ],
    "id": 735
  },
  {
    "link": "https://www.coupang.com/vp/products/1747436907?itemId=2975862907&vendorItemId=70964251188&sourceType=CAMPAIGN&campaignId=82&categoryId=445759",
    "image": "https://thumbnail7.coupangcdn.com/thumbnails/remote/230x230ex/image/retail/images/2020/06/23/20/9/448546da-d145-4fe5-8ffb-65cda6c89df6.jpg",
    "name": "이코노미 로얄캔 콤보 습식사료 48p, 생선, 60g",
    "price": [
      "22,650원",
      "(100g당 786원)",
      "일시품절"
    ],
    "id": 736
  },
  {
    "link": "https://www.coupang.com/vp/products/1744819343?itemId=2970922317&vendorItemId=70959339818&sourceType=CAMPAIGN&campaignId=82&categoryId=445759",
    "image": "https://thumbnail7.coupangcdn.com/thumbnails/remote/230x230ex/image/retail/images/2020/06/25/15/8/9f099318-cbfd-4d72-83ee-c8bb25c76614.jpg",
    "name": "[유통기한 임박 21.01.28까지] 웰니스 키튼 컴플리트 헬스 그레인프리 고양이 사료, 닭, 2.5kg",
    "price": [
      "30% 42,000",
      "29,000원",
      "(100g당 1,160원)",
      "일시품절"
    ],
    "id": 737
  },
  {
    "link": "https://www.coupang.com/vp/products/1717618036?itemId=2923276959&vendorItemId=70911965335&sourceType=CAMPAIGN&campaignId=82&categoryId=445759",
    "image": "https://thumbnail6.coupangcdn.com/thumbnails/remote/230x230ex/image/retail/images/2020/06/09/18/0/e95043f6-f3eb-47a0-a5d9-e884eb03a839.jpg",
    "name": "이코노미로얄 고양이 캔사료 헤어볼 48p, 생선, 60g",
    "price": [
      "25,630원",
      "(100g당 890원)",
      "일시품절"
    ],
    "id": 738
  },
  {
    "link": "https://www.coupang.com/vp/products/1713325908?itemId=2915759416&vendorItemId=70904443072&sourceType=CAMPAIGN&campaignId=82&categoryId=445759",
    "image": "https://thumbnail9.coupangcdn.com/thumbnails/remote/230x230ex/image/retail/images/2020/06/16/18/1/77a6304f-4ffa-4998-9562-86c957ab439b.jpg",
    "name": "캣츠파인푸드 NO 17 고양이 주식캔 6p, 가금류 + 새우, 400g",
    "price": [
      "44,450원",
      "(100g당 1,852원)",
      "일시품절"
    ],
    "id": 739
  },
  {
    "link": "https://www.coupang.com/vp/products/1704633398?itemId=2900840877&vendorItemId=70889770315&sourceType=CAMPAIGN&campaignId=82&categoryId=445759",
    "image": "https://thumbnail9.coupangcdn.com/thumbnails/remote/230x230ex/image/retail/images/2020/06/11/18/9/2be5bcf4-9963-433a-8efc-226fc475e3eb.jpg",
    "name": "캣츠파인푸드 NO 103 퓨레 닭고기 주식캔 6p, 닭, 400g",
    "price": [
      "59,400원",
      "(100g당 2,475원)",
      "일시품절"
    ],
    "id": 740
  },
  {
    "link": "https://www.coupang.com/vp/products/1658170715?itemId=2825058782&vendorItemId=70814521193&sourceType=CAMPAIGN&campaignId=82&categoryId=445759",
    "image": "https://thumbnail6.coupangcdn.com/thumbnails/remote/230x230ex/image/retail/images/2020/05/28/17/5/ce766312-4981-4d7d-9a4e-a371cc027d9c.jpg",
    "name": "고스비 시니어 프레스코 캣 간식캔 6p, 돼지, 70g",
    "price": [
      "13,250원",
      "(100g당 3,155원)",
      "일시품절"
    ],
    "id": 741
  },
  {
    "link": "https://www.coupang.com/vp/products/1657390308?itemId=2823857694&vendorItemId=70813332075&sourceType=CAMPAIGN&campaignId=82&categoryId=445759",
    "image": "https://thumbnail6.coupangcdn.com/thumbnails/remote/230x230ex/image/retail/images/2020/05/28/17/6/3254007b-6de7-4ec1-86bf-62cd0f751a52.jpg",
    "name": "고스비 어덜트 프레스코 고양이 캔 닭고기 앤 토끼고기, 닭, 70g",
    "price": [
      "25,000원",
      "(100g당 2,976원)",
      "일시품절"
    ],
    "id": 742
  },
  {
    "link": "https://www.coupang.com/vp/products/243521052?itemId=772950154&vendorItemId=70778489955&sourceType=CAMPAIGN&campaignId=82&categoryId=445759",
    "image": "https://thumbnail6.coupangcdn.com/thumbnails/remote/230x230ex/image/retail/images/2020/05/28/17/6/4a580682-a77e-475a-9c2e-6875ec4451fa.jpg",
    "name": "메라 시니어용 파인이스트 피트 고양이 건식사료, 1개, 1.5kg",
    "price": [
      "17,150원",
      "(100g당 1,143원)",
      "일시품절"
    ],
    "id": 743
  },
  {
    "link": "https://www.coupang.com/vp/products/4058538?itemId=19840199&vendorItemId=70713205963&sourceType=CAMPAIGN&campaignId=82&categoryId=445759",
    "image": "https://thumbnail8.coupangcdn.com/thumbnails/remote/230x230ex/image/retail/images/2020/05/18/16/6/9da92446-96f6-4d5c-bfd7-ef554161cada.jpg",
    "name": "퓨리나 1세 이상용 원캣 헤어볼 고양이 건식 사료, 1.5kg, 4개",
    "price": [
      "52,850원",
      "(100g당 881원)",
      "일시품절"
    ],
    "id": 744
  },
  {
    "link": "https://www.coupang.com/vp/products/1476623094?itemId=2537475252&vendorItemId=70530211968&sourceType=CAMPAIGN&campaignId=82&categoryId=445759",
    "image": "https://thumbnail9.coupangcdn.com/thumbnails/remote/230x230ex/image/retail/images/2020/04/09/9/2/20dff050-16ef-4e7c-8616-eee457f9bf46.jpg",
    "name": "치킨수프 클래식 웨이트 머츄어케어 캣용 클래식 건식사료, 닭고기 현미, 6.12kg",
    "price": [
      "70,550원",
      "(100g당 1,153원)",
      "일시품절"
    ],
    "id": 745
  },
  {
    "link": "https://www.coupang.com/vp/products/1473733488?itemId=2532865679&vendorItemId=70525609856&sourceType=CAMPAIGN&campaignId=82&categoryId=445759",
    "image": "https://thumbnail7.coupangcdn.com/thumbnails/remote/230x230ex/image/retail/images/2020/04/16/18/7/ac9ce2f3-03b1-47fe-8c05-7bd0b427c86b.jpg",
    "name": "캣잇 치킨 디너 고양이 사료 소고기와 호박을 곁들인 닭고기 요리 6p, 닭, 80g",
    "price": [
      "10,010원",
      "(100g당 2,085원)",
      "일시품절"
    ],
    "id": 746
  },
  {
    "link": "https://www.coupang.com/vp/products/1473733388?itemId=2532865605&vendorItemId=70525609775&sourceType=CAMPAIGN&campaignId=82&categoryId=445759",
    "image": "https://thumbnail7.coupangcdn.com/thumbnails/remote/230x230ex/image/retail/images/2020/04/16/18/4/712f8f3b-c92a-4217-90a8-82dfb530bc28.jpg",
    "name": "캣잇 피쉬 디너 고양이 사료 새우와 풋강낭콩을 곁들인 생선 요리 6p, 80g",
    "price": [
      "8,030원",
      "(100g당 1,673원)",
      "일시품절"
    ],
    "id": 747
  },
  {
    "link": "https://www.coupang.com/vp/products/1431701289?itemId=2472823110&vendorItemId=70466208561&sourceType=CAMPAIGN&campaignId=82&categoryId=445759",
    "image": "https://thumbnail7.coupangcdn.com/thumbnails/remote/230x230ex/image/retail/images/2020/03/25/12/1/b98a39c2-51f8-4233-a587-3a07519bcc3d.jpg",
    "name": "웰니스 컴플리트 헬스 그레인프리 인도어 헬시 웨이트 캣 고양이 사료, 닭, 5.2kg",
    "price": [
      "76,000원",
      "(100g당 1,462원)",
      "일시품절"
    ],
    "id": 748
  },
  {
    "link": "https://www.coupang.com/vp/products/1418087594?itemId=2455420410&vendorItemId=70448982175&sourceType=CAMPAIGN&campaignId=82&categoryId=445759",
    "image": "https://thumbnail9.coupangcdn.com/thumbnails/remote/230x230ex/image/retail/images/2020/04/02/10/1/374ebe02-ddaf-4ca0-a190-f6a25373b8a9.jpg",
    "name": "내추럴발란스 성묘용 LID 인도어 캣 포뮬라 드라이 캣 푸드, 연어 + 병아리콩, 4.54kg",
    "price": [
      "57,750원",
      "(100g당 1,272원)",
      "일시품절"
    ],
    "id": 749
  },
  {
    "link": "https://www.coupang.com/vp/products/1343163684?itemId=2370497718&vendorItemId=70366562664&sourceType=CAMPAIGN&campaignId=82&categoryId=445759",
    "image": "https://thumbnail10.coupangcdn.com/thumbnails/remote/230x230ex/image/retail/images/2020/02/28/14/0/2a62fae7-e6e9-4f86-ad0c-51f3becc8253.jpg",
    "name": "비타크래프트 리얼라이프 고양이 건식 사료, 램 + 치킨 + 슈퍼푸드, 1.8kg",
    "price": [
      "27,000원",
      "(100g당 1,500원)",
      "일시품절"
    ],
    "id": 750
  },
  {
    "link": "https://www.coupang.com/vp/products/1343163684?itemId=2370497715&vendorItemId=70366562640&sourceType=CAMPAIGN&campaignId=82&categoryId=445759",
    "image": "https://thumbnail10.coupangcdn.com/thumbnails/remote/230x230ex/image/retail/images/2020/02/28/14/8/99d95eb7-49ea-45e2-9c53-2535ec025b4f.jpg",
    "name": "비타크래프트 리얼라이프 고양이 건식 사료, 비프 + 치킨 + 슈퍼푸드, 7kg",
    "price": [
      "52,200원",
      "(100g당 746원)",
      "일시품절"
    ],
    "id": 751
  },
  {
    "link": "https://www.coupang.com/vp/products/1343163684?itemId=2370497716&vendorItemId=70366562651&sourceType=CAMPAIGN&campaignId=82&categoryId=445759",
    "image": "https://thumbnail8.coupangcdn.com/thumbnails/remote/230x230ex/image/retail/images/2020/02/28/14/2/e2a56d8f-28a2-4d27-a572-d9535f3289ff.jpg",
    "name": "비타크래프트 리얼라이프 고양이 건식 사료, 소, 1.8kg",
    "price": [
      "27,000원",
      "(100g당 1,500원)",
      "일시품절"
    ],
    "id": 752
  },
  {
    "link": "https://www.coupang.com/vp/products/1334693580?itemId=2360244741&vendorItemId=70356634323&sourceType=CAMPAIGN&campaignId=82&categoryId=445759",
    "image": "https://thumbnail7.coupangcdn.com/thumbnails/remote/230x230ex/image/retail/images/2020/03/06/16/3/a3127d11-a20f-4d12-8d7a-b1e41715f887.jpg",
    "name": "비타크래프트 성묘용 포에시 하트캔 고양이 주식 파우치 뉴버전 콤보팩 85g x 15p 세트",
    "price": [
      "14,890원",
      "일시품절"
    ],
    "id": 753
  },
  {
    "link": "https://www.coupang.com/vp/products/1294172433?itemId=2306247470&vendorItemId=70303115452&sourceType=CAMPAIGN&campaignId=82&categoryId=445759",
    "image": "https://thumbnail6.coupangcdn.com/thumbnails/remote/230x230ex/image/retail/images/2020/02/26/10/5/d8cf8339-16eb-43ad-9377-1cb5d15a892d.jpg",
    "name": "캣츠유 1년 이상 고양이 건식 사료 26p, 오리, 500g",
    "price": [
      "23,800원",
      "일시품절"
    ],
    "id": 754
  },
  {
    "link": "https://www.coupang.com/vp/products/1292161791?itemId=2303412136&vendorItemId=70300307645&sourceType=CAMPAIGN&campaignId=82&categoryId=445759",
    "image": "https://thumbnail10.coupangcdn.com/thumbnails/remote/230x230ex/image/retail/images/2020/02/18/16/3/b7698a5d-773e-4931-b56e-991408951242.jpg",
    "name": "뉴트람 어덜트용 I12 아이디얼 솔루션 서포트 체중조절 고양이 건식사료, 닭고기 + 보리, 1.82kg",
    "price": [
      "26,000원",
      "(100g당 1,429원)",
      "일시품절"
    ],
    "id": 755
  },
  {
    "link": "https://www.coupang.com/vp/products/1254873675?itemId=2255057875&vendorItemId=70252396452&sourceType=CAMPAIGN&campaignId=82&categoryId=445759",
    "image": "https://thumbnail6.coupangcdn.com/thumbnails/remote/230x230ex/image/retail/images/2020/02/12/11/6/6c25cc4e-64ae-49ed-939c-f80c34077d26.jpg",
    "name": "토우프레이 전연령용 LID 고양이 건식 사료, 칠면조, 6.8kg",
    "price": [
      "7% 106,000",
      "97,950원",
      "(100g당 1,440원)",
      "일시품절"
    ],
    "id": 756
  },
  {
    "link": "https://www.coupang.com/vp/products/1223629592?itemId=2215205436&vendorItemId=70212963331&sourceType=CAMPAIGN&campaignId=82&categoryId=445759",
    "image": "https://thumbnail6.coupangcdn.com/thumbnails/remote/230x230ex/image/retail/images/2020/01/23/16/2/8cae6236-fde4-4715-a94e-f7b557b13a05.jpg",
    "name": "베츠키친 어덜트캣 울트라 프레쉬 고양이 건식사료 치킨 2p, 닭, 110g",
    "price": [
      "13,200원",
      "(100g당 6,000원)",
      "일시품절"
    ],
    "id": 757
  },
  {
    "link": "https://www.coupang.com/vp/products/1184375138?itemId=2164765433&vendorItemId=70162923621&sourceType=CAMPAIGN&campaignId=82&categoryId=445759",
    "image": "https://thumbnail7.coupangcdn.com/thumbnails/remote/230x230ex/image/product/image/vendoritem/2019/06/11/3000747165/0b559816-60ef-467e-9034-588e945f5721.jpg",
    "name": "로얄캐닌 인도어 고양이 사료",
    "price": [
      "즉시할인가 | 3% 48,750",
      "47,280원",
      "일시품절"
    ],
    "id": 758
  },
  {
    "link": "https://www.coupang.com/vp/products/1118896512?itemId=2084280006&vendorItemId=70083305161&sourceType=CAMPAIGN&campaignId=82&categoryId=445759",
    "image": "https://thumbnail8.coupangcdn.com/thumbnails/remote/230x230ex/image/retail/images/2019/12/24/16/4/b48e42bb-0851-4fda-b693-e72a9f9fcfd4.jpg",
    "name": "내추럴발란스 울트라프리미엄 포뮬라 캣 푸드 캔 4p, 연어, 156g",
    "price": [
      "12,600원",
      "(100g당 2,019원)",
      "일시품절"
    ],
    "id": 759
  },
  {
    "link": "https://www.coupang.com/vp/products/1118896512?itemId=2084280007&vendorItemId=70083305165&sourceType=CAMPAIGN&campaignId=82&categoryId=445759",
    "image": "https://thumbnail9.coupangcdn.com/thumbnails/remote/230x230ex/image/retail/images/2019/12/24/16/6/2324d548-4773-44d3-b6ba-cdffb96a8935.jpg",
    "name": "내추럴발란스 울트라프리미엄 포뮬라 캣 푸드 캔 4p, 참치&새우, 156g",
    "price": [
      "12,600원",
      "(100g당 2,019원)",
      "일시품절"
    ],
    "id": 760
  },
  {
    "link": "https://www.coupang.com/vp/products/1118896459?itemId=2084279963&vendorItemId=70083305121&sourceType=CAMPAIGN&campaignId=82&categoryId=445759",
    "image": "https://thumbnail8.coupangcdn.com/thumbnails/remote/230x230ex/image/retail/images/2019/12/24/16/7/6d80daad-b162-4481-8066-bd583ae16085.jpg",
    "name": "내추럴발란스 캣푸드 울트라 2p + 칠면조 + 오션피쉬 + 닭고기 2p 세트, 닭&연어&오리, 칠면조, 오션피쉬, 닭고기&닭간, 85g",
    "price": [
      "12,600원",
      "일시품절"
    ],
    "id": 761
  },
  {
    "link": "https://www.coupang.com/vp/products/344919929?itemId=1095478962&vendorItemId=5615450381&sourceType=CAMPAIGN&campaignId=82&categoryId=445759",
    "image": "https://thumbnail7.coupangcdn.com/thumbnails/remote/230x230ex/image/retail/images/2019/11/28/10/3/fc4092e1-b543-46f2-8349-8ad21080222a.jpg",
    "name": "스케지어 네이처캣 참치 & 치킨 캣 캔, 85g, 6개",
    "price": [
      "10,400원",
      "(100g당 2,039원)",
      "일시품절"
    ],
    "id": 762
  },
  {
    "link": "https://www.coupang.com/vp/products/344919847?itemId=1095478807&vendorItemId=5615449894&sourceType=CAMPAIGN&campaignId=82&categoryId=445759",
    "image": "https://thumbnail6.coupangcdn.com/thumbnails/remote/230x230ex/image/retail/images/2019/11/28/10/6/a80fd1e6-b3a2-49c5-ae65-23580ffdbadd.jpg",
    "name": "스케지어 네이처캣 참치 & 새우 캣 캔, 85g, 6개",
    "price": [
      "10,400원",
      "(100g당 2,039원)",
      "일시품절"
    ],
    "id": 763
  },
  {
    "link": "https://www.coupang.com/vp/products/343851565?itemId=1092434492&vendorItemId=5608059823&sourceType=CAMPAIGN&campaignId=82&categoryId=445759",
    "image": "https://thumbnail9.coupangcdn.com/thumbnails/remote/230x230ex/image/retail/images/2019/11/26/10/7/1957dac0-9bc0-4b7b-9258-ee628a658935.jpg",
    "name": "퓨리나 프로플랜 캣 유리너리 비뇨기계 건강 순살 닭고기 주식파우치, 85g, 12개",
    "price": [
      "24,000원",
      "(100g당 2,353원)",
      "일시품절",
      "박스 훼손 (1) 최저 23,280원"
    ],
    "id": 764
  },
  {
    "link": "https://www.coupang.com/vp/products/343851547?itemId=1092434473&vendorItemId=5608059801&sourceType=CAMPAIGN&campaignId=82&categoryId=445759",
    "image": "https://thumbnail9.coupangcdn.com/thumbnails/remote/230x230ex/image/retail/images/2019/11/26/10/9/729d792b-cb36-44c8-921a-3d4e94dc720c.jpg",
    "name": "퓨리나 프로플랜 캣 시니어7+ 노령묘용 주식파우치, 닭, 85g",
    "price": [
      "24,950원",
      "(100g당 2,446원)",
      "일시품절"
    ],
    "id": 765
  },
  {
    "link": "https://www.coupang.com/vp/products/338756980?itemId=1079491473&vendorItemId=5579222786&sourceType=CAMPAIGN&campaignId=82&categoryId=445759",
    "image": "https://thumbnail6.coupangcdn.com/thumbnails/remote/230x230ex/image/retail/images/2019/11/13/14/9/a1233c3c-8020-4044-85cd-63b27a74f2f1.jpg",
    "name": "레오나르도 피쉬 고양이 사료, 7.5kg, 1개",
    "price": [
      "85,260원",
      "(100g당 1,137원)",
      "일시품절"
    ],
    "id": 766
  },
  {
    "link": "https://www.coupang.com/vp/products/338422987?itemId=1078434359&vendorItemId=5577176212&sourceType=CAMPAIGN&campaignId=82&categoryId=445759",
    "image": "https://thumbnail9.coupangcdn.com/thumbnails/remote/230x230ex/image/retail/images/2019/11/13/14/2/a1862946-4dc6-4df0-85a1-dcaa7d8d2fb1.jpg",
    "name": "레오나르도 오리 건식사료, 7.5kg, 1개",
    "price": [
      "95,500원",
      "(100g당 1,273원)",
      "일시품절"
    ],
    "id": 767
  },
  {
    "link": "https://www.coupang.com/vp/products/338423631?itemId=1078436913&vendorItemId=5577179535&sourceType=CAMPAIGN&campaignId=82&categoryId=445759",
    "image": "https://thumbnail9.coupangcdn.com/thumbnails/remote/230x230ex/image/retail/images/2019/11/13/14/5/249599c2-1fab-4da5-8805-8d188866ab29.jpg",
    "name": "레오나르도 키튼 건식사료, 7.5kg, 1개",
    "price": [
      "98,500원",
      "(100g당 1,313원)",
      "일시품절"
    ],
    "id": 768
  },
  {
    "link": "https://www.coupang.com/vp/products/307783020?itemId=970473272&vendorItemId=5379670925&sourceType=CAMPAIGN&campaignId=82&categoryId=445759",
    "image": "https://thumbnail8.coupangcdn.com/thumbnails/remote/230x230ex/image/retail/images/2019/09/27/14/5/0644c045-80f8-42f6-a787-7d0221e1b12e.jpg",
    "name": "솔리드골드 핏에스어피들 캣 흰살생선 체중관리 고양이 사료, 5.44kg, 1개",
    "price": [
      "55,000원",
      "(100g당 1,011원)",
      "일시품절"
    ],
    "id": 769
  },
  {
    "link": "https://www.coupang.com/vp/products/307783020?itemId=970473266&vendorItemId=5379670908&sourceType=CAMPAIGN&campaignId=82&categoryId=445759",
    "image": "https://thumbnail10.coupangcdn.com/thumbnails/remote/230x230ex/image/retail/images/2019/09/27/14/5/f41f22ac-db33-4a98-896c-3efd3e3f2511.jpg",
    "name": "솔리드골드 핏에스어피들 캣 흰살생선 체중관리 고양이 사료, 1.36kg, 1개",
    "price": [
      "21,900원",
      "(100g당 1,610원)",
      "일시품절"
    ],
    "id": 770
  },
  {
    "link": "https://www.coupang.com/vp/products/307774694?itemId=970445242&vendorItemId=5379610622&sourceType=CAMPAIGN&campaignId=82&categoryId=445759",
    "image": "https://thumbnail7.coupangcdn.com/thumbnails/remote/230x230ex/image/retail/images/2019/09/27/12/3/9d52daec-6128-4c4e-9634-a22dd9d3e25c.jpg",
    "name": "솔리드골드 인디고문 캣 흰살생선 고양이 사료, 5.44kg, 1개",
    "price": [
      "55,000원",
      "(100g당 1,011원)",
      "일시품절"
    ],
    "id": 771
  },
  {
    "link": "https://www.coupang.com/vp/products/307774694?itemId=970445229&vendorItemId=5379610590&sourceType=CAMPAIGN&campaignId=82&categoryId=445759",
    "image": "https://thumbnail9.coupangcdn.com/thumbnails/remote/230x230ex/image/retail/images/2019/09/27/12/1/552b4fcf-99cf-435b-8355-8028ea901576.jpg",
    "name": "솔리드골드 인디고문 캣 흰살생선 고양이 사료, 1.36kg, 1개",
    "price": [
      "19,000원",
      "(100g당 1,397원)",
      "일시품절"
    ],
    "id": 772
  },
  {
    "link": "https://www.coupang.com/vp/products/306257733?itemId=965638625&vendorItemId=5370338252&sourceType=CAMPAIGN&campaignId=82&categoryId=445759",
    "image": "https://thumbnail8.coupangcdn.com/thumbnails/remote/230x230ex/image/retail/images/2019/09/24/15/1/4a75d05c-24cd-4a1e-b58e-b871ba2624b2.jpg",
    "name": "네코 골드 고양이 습식캔 참치 닭가슴살 새우 가리비 육수, 12개",
    "price": [
      "16,450원",
      "일시품절"
    ],
    "id": 773
  },
  {
    "link": "https://www.coupang.com/vp/products/303702596?itemId=955412130&vendorItemId=5352585433&sourceType=CAMPAIGN&campaignId=82&categoryId=445759",
    "image": "https://thumbnail6.coupangcdn.com/thumbnails/remote/230x230ex/image/retail/images/2019/09/19/13/1/40b76da6-62d9-44ab-8657-cbbff741102f.jpg",
    "name": "네코 키튼 참치 고양이 사료, 70g, 12개",
    "price": [
      "23% 13,860",
      "10,610원",
      "(100g당 1,263원)",
      "일시품절"
    ],
    "id": 774
  },
  {
    "link": "https://www.coupang.com/vp/products/271643690?itemId=854252589&vendorItemId=5168738082&sourceType=CAMPAIGN&campaignId=82&categoryId=445759",
    "image": "https://thumbnail9.coupangcdn.com/thumbnails/remote/230x230ex/image/retail/images/2019/08/01/14/7/31a4e40b-c38f-45c7-889c-e3059c4dd798.jpg",
    "name": "[유통기한 임박 20.12.01까지] 퓨리나 비욘드 캣 그레인 프리 닭고기 흰살과 달걀 고양이 사료, 2.27kg, 1개",
    "price": [
      "33,900원",
      "(100g당 1,493원)",
      "일시품절"
    ],
    "id": 775
  },
  {
    "link": "https://www.coupang.com/vp/products/216092558?itemId=663069603&vendorItemId=4715746655&sourceType=CAMPAIGN&campaignId=82&categoryId=445759",
    "image": "https://thumbnail7.coupangcdn.com/thumbnails/remote/230x230ex/image/retail/images/2019/05/02/10/1/c7e34651-b8ad-418f-a247-94582cfd2bc4.jpg",
    "name": "퍼스트캣 고양이 사료, 17kg, 1개",
    "price": [
      "23% 33,600",
      "25,810원",
      "(100g당 152원)",
      "일시품절"
    ],
    "id": 776
  },
  {
    "link": "https://www.coupang.com/vp/products/216092540?itemId=663069568&vendorItemId=4715746453&sourceType=CAMPAIGN&campaignId=82&categoryId=445759",
    "image": "https://thumbnail9.coupangcdn.com/thumbnails/remote/230x230ex/image/retail/images/2019/04/30/17/3/8c2f8f50-0bab-4ca9-8924-d94da07bf351.jpg",
    "name": "캣위너 고양이 사료, 5kg, 1개",
    "price": [
      "23% 13,200",
      "10,070원",
      "(100g당 201원)",
      "일시품절"
    ],
    "id": 777
  },
  {
    "link": "https://www.coupang.com/vp/products/213829812?itemId=649172871&vendorItemId=4687692939&sourceType=CAMPAIGN&campaignId=82&categoryId=445759",
    "image": "https://thumbnail8.coupangcdn.com/thumbnails/remote/230x230ex/image/retail/images/2019/04/25/18/9/10a9babf-e8f3-4293-94b6-0de53d2f1cbd.jpg",
    "name": "미요미 고양이 컵밥 닭가슴살 앤 도미, 50g, 6개입",
    "price": [
      "6,530원",
      "(100g당 2,177원)",
      "일시품절"
    ],
    "id": 778
  },
  {
    "link": "https://www.coupang.com/vp/products/213829802?itemId=649172843&vendorItemId=4687692883&sourceType=CAMPAIGN&campaignId=82&categoryId=445759",
    "image": "https://thumbnail9.coupangcdn.com/thumbnails/remote/230x230ex/image/retail/images/2019/04/25/18/5/64e99988-ef52-4ae4-940b-1e2f1cdd9f66.jpg",
    "name": "미요미 고양이 컵밥 닭가슴살 앤 연어, 50g, 6개입",
    "price": [
      "8,500원",
      "(100g당 2,833원)",
      "일시품절"
    ],
    "id": 779
  },
  {
    "link": "https://www.coupang.com/vp/products/211127038?itemId=631885610&vendorItemId=4654084856&sourceType=CAMPAIGN&campaignId=82&categoryId=445759",
    "image": "https://thumbnail7.coupangcdn.com/thumbnails/remote/230x230ex/image/product/image/vendoritem/2019/04/30/4654084856/a9b7ccdc-42a0-4294-98f2-7615f712e76e.jpg",
    "name": "Petcurean 고 LID 그레인프리 센서티브 고양이 사료 오리맛, 3.63kg, 1개",
    "price": [
      "47,870원",
      "(100g당 1,319원)",
      "일시품절"
    ],
    "id": 780
  },
  {
    "link": "https://www.coupang.com/vp/products/209858417?itemId=624343251&vendorItemId=4639591608&sourceType=CAMPAIGN&campaignId=82&categoryId=445759",
    "image": "https://thumbnail6.coupangcdn.com/thumbnails/remote/230x230ex/image/retail/images/2019/04/16/16/2/609d548e-b213-463b-9898-fc2b50efaeb3.jpg",
    "name": "블루버팔로 윌더니스 칠면조 캣 캔사료, 85g, 4개입",
    "price": [
      "14,400원",
      "(100g당 4,235원)",
      "일시품절"
    ],
    "id": 781
  },
  {
    "link": "https://www.coupang.com/vp/products/153000507?itemId=441466359&vendorItemId=4437267636&sourceType=CAMPAIGN&campaignId=82&categoryId=445759",
    "image": "https://thumbnail6.coupangcdn.com/thumbnails/remote/230x230ex/image/retail/images/2019/02/22/17/3/f7e7b79d-2d7e-45ff-a839-8263f16ad516.jpg",
    "name": "솔리드골드 인디고문 치킨 고양이 사료, 1.36kg, 1개",
    "price": [
      "20,500원",
      "(100g당 1,507원)",
      "일시품절"
    ],
    "id": 782
  },
  {
    "link": "https://www.coupang.com/vp/products/110899630?itemId=536219235&vendorItemId=4399460819&sourceType=CAMPAIGN&campaignId=82&categoryId=445759",
    "image": "https://thumbnail7.coupangcdn.com/thumbnails/remote/230x230ex/image/retail/images/2019/02/18/17/3/66aa5b82-9702-4f8b-a4f5-62ebe5bfd3b9.jpg",
    "name": "뉴트리플랜 건강프로젝트 장 고양이 습식사료, 160g, 24개입",
    "price": [
      "48% 48,000",
      "24,800원",
      "(100g당 646원)",
      "일시품절"
    ],
    "id": 783
  },
  {
    "link": "https://www.coupang.com/vp/products/185873870?itemId=531507187&vendorItemId=4385006893&sourceType=CAMPAIGN&campaignId=82&categoryId=445759",
    "image": "https://thumbnail8.coupangcdn.com/thumbnails/remote/230x230ex/image/retail/images/2019/02/14/13/3/22461258-35f8-4f38-96ca-0c419658e9e9.jpg",
    "name": "베츠키친 어덜트캣 울트라 프레쉬 고양이 건식사료 치킨, 770g, 1개",
    "price": [
      "와우할인가 | 3% 27,000",
      "26,190원",
      "(100g당 3,401원)",
      "일시품절"
    ],
    "id": 784
  },
  {
    "link": "https://www.coupang.com/vp/products/185873870?itemId=531507176&vendorItemId=4385006873&sourceType=CAMPAIGN&campaignId=82&categoryId=445759",
    "image": "https://thumbnail8.coupangcdn.com/thumbnails/remote/230x230ex/image/retail/images/2019/02/14/13/5/15f8e784-f31f-4605-9825-548ed265f5b3.jpg",
    "name": "베츠키친 어덜트캣 울트라 프레쉬 고양이 건식사료 치킨, 385g, 1개",
    "price": [
      "17,000원",
      "(100g당 4,416원)",
      "일시품절"
    ],
    "id": 785
  },
  {
    "link": "https://www.coupang.com/vp/products/153720045?itemId=443356638&vendorItemId=4098604394&sourceType=CAMPAIGN&campaignId=82&categoryId=445759",
    "image": "https://thumbnail6.coupangcdn.com/thumbnails/remote/230x230ex/image/retail/images/2018/11/06/14/6/086b56e4-4a9e-4afa-83b5-f198a2476580.jpg",
    "name": "프로내이쳐 홀리스틱 그레인프리 칠면조 고양이 사료, 2kg, 1개",
    "price": [
      "21% 38,000",
      "30,000원",
      "(100g당 1,500원)",
      "일시품절"
    ],
    "id": 786
  },
  {
    "link": "https://www.coupang.com/vp/products/153720045?itemId=443356647&vendorItemId=4098604397&sourceType=CAMPAIGN&campaignId=82&categoryId=445759",
    "image": "https://thumbnail9.coupangcdn.com/thumbnails/remote/230x230ex/image/retail/images/2018/11/06/14/5/e6e9f27b-f77a-40e9-bb68-2280988329af.jpg",
    "name": "프로내이쳐 홀리스틱 그레인프리 칠면조 고양이 사료, 6kg, 1개",
    "price": [
      "63,000원",
      "(100g당 1,050원)",
      "일시품절"
    ],
    "id": 787
  },
  {
    "link": "https://www.coupang.com/vp/products/153720043?itemId=443356605&vendorItemId=4098604379&sourceType=CAMPAIGN&campaignId=82&categoryId=445759",
    "image": "https://thumbnail9.coupangcdn.com/thumbnails/remote/230x230ex/image/retail/images/2018/10/23/12/1/ef6f6c8b-e651-44e4-8b14-c07a5601f6f8.jpg",
    "name": "퍼스트초이스 피니키 고양이 사료, 2.72kg, 1개",
    "price": [
      "25% 31,000",
      "23,000원",
      "(100g당 846원)",
      "일시품절"
    ],
    "id": 788
  },
  {
    "link": "https://www.coupang.com/vp/products/153720043?itemId=443356609&vendorItemId=4098604382&sourceType=CAMPAIGN&campaignId=82&categoryId=445759",
    "image": "https://thumbnail10.coupangcdn.com/thumbnails/remote/230x230ex/image/retail/images/2018/10/23/12/2/f42699ae-cb73-402c-9e90-3bf4e8a1b6ca.jpg",
    "name": "퍼스트초이스 피니키 고양이 사료, 5.44kg, 1개",
    "price": [
      "24% 54,000",
      "41,000원",
      "(100g당 754원)",
      "일시품절"
    ],
    "id": 789
  },
  {
    "link": "https://www.coupang.com/vp/products/153720044?itemId=443356621&vendorItemId=4098604388&sourceType=CAMPAIGN&campaignId=82&categoryId=445759",
    "image": "https://thumbnail7.coupangcdn.com/thumbnails/remote/230x230ex/image/retail/images/2018/10/23/12/5/fff96be4-6ad3-4698-b80f-dd95a2b2c924.jpg",
    "name": "퍼스트초이스 키튼 고양이 사료, 5.44kg, 1개",
    "price": [
      "21% 56,000",
      "44,000원",
      "(100g당 809원)",
      "일시품절"
    ],
    "id": 790
  },
  {
    "link": "https://www.coupang.com/vp/products/153720091?itemId=443357186&vendorItemId=4098605653&sourceType=CAMPAIGN&campaignId=82&categoryId=445759",
    "image": "https://thumbnail8.coupangcdn.com/thumbnails/remote/230x230ex/image/retail/images/2018/11/06/14/7/88e566ff-d01c-4d13-ab95-f95b81ee4287.jpg",
    "name": "프로내이쳐 홀리스틱 그레인프리 연어 & 청어 고양이 사료, 6kg, 1개",
    "price": [
      "19% 78,000",
      "63,000원",
      "(100g당 1,050원)",
      "일시품절"
    ],
    "id": 791
  },
  {
    "link": "https://www.coupang.com/vp/products/153720040?itemId=443356592&vendorItemId=4098604377&sourceType=CAMPAIGN&campaignId=82&categoryId=445759",
    "image": "https://thumbnail7.coupangcdn.com/thumbnails/remote/230x230ex/image/retail/images/2018/10/23/12/0/73dd0b4c-c5f3-4873-b51c-68ee64fccb46.jpg",
    "name": "프로내이쳐 홀리스틱 키튼 고양이 사료, 5.44kg, 1개",
    "price": [
      "17% 70,000",
      "58,000원",
      "(100g당 1,066원)",
      "일시품절"
    ],
    "id": 792
  },
  {
    "link": "https://www.coupang.com/vp/products/153474115?itemId=442768180&vendorItemId=4097173739&sourceType=CAMPAIGN&campaignId=82&categoryId=445759",
    "image": "https://thumbnail7.coupangcdn.com/thumbnails/remote/230x230ex/image/retail/images/2018/11/06/15/0/1c567cf2-f945-47ed-a916-ea614efaa1b9.jpg",
    "name": "지위픽 에어드라이 사슴고기 고양이 사료, 400g, 1개",
    "price": [
      "56,000원",
      "(100g당 14,000원)",
      "일시품절"
    ],
    "id": 793
  },
  {
    "link": "https://www.coupang.com/vp/products/132207847?itemId=388946248&vendorItemId=3945941693&sourceType=CAMPAIGN&campaignId=82&categoryId=445759",
    "image": "https://thumbnail8.coupangcdn.com/thumbnails/remote/230x230ex/image/retail/images/2018/09/07/17/0/15e473f8-b90e-4132-a513-c342796f507f.jpg",
    "name": "레오나르도 독일 홀리스틱 고양이 건식사료 라이트, 400g, 1개",
    "price": [
      "10,880원",
      "(100g당 2,720원)",
      "일시품절"
    ],
    "id": 794
  },
  {
    "link": "https://www.coupang.com/vp/products/132155431?itemId=388770612&vendorItemId=3945532773&sourceType=CAMPAIGN&campaignId=82&categoryId=445759",
    "image": "https://thumbnail10.coupangcdn.com/thumbnails/remote/230x230ex/image/retail/images/2018/09/10/13/0/8219904c-6ec3-467b-9e21-1fccb78b4966.jpg",
    "name": "레오나르도 독일 홀리스틱 고양이 헤어볼 사료 맥시, 300g, 1개",
    "price": [
      "12,320원",
      "(100g당 4,107원)",
      "일시품절"
    ],
    "id": 795
  },
  {
    "link": "https://www.coupang.com/vp/products/132155229?itemId=388770144&vendorItemId=3945531398&sourceType=CAMPAIGN&campaignId=82&categoryId=445759",
    "image": "https://thumbnail10.coupangcdn.com/thumbnails/remote/230x230ex/image/retail/images/2018/09/10/13/9/b49c172c-ba99-46c8-b1f0-3d059602e562.jpg",
    "name": "레오나르도 고양이 사료 라이트, 2kg, 1개",
    "price": [
      "23,460원",
      "(100g당 1,173원)",
      "일시품절"
    ],
    "id": 796
  },
  {
    "link": "https://www.coupang.com/vp/products/121781788?itemId=361962496&vendorItemId=3880312563&sourceType=CAMPAIGN&campaignId=82&categoryId=445759",
    "image": "https://thumbnail10.coupangcdn.com/thumbnails/remote/230x230ex/image/retail/images/2018/08/03/17/8/2401acf0-9160-43ab-8343-cde135d2993e.jpg",
    "name": "굿프랜드 오븐베이크 캣 그레인프리 치킨 전연령용 사료, 2.27kg, 1개",
    "price": [
      "29% 35,000",
      "24,700원",
      "(100g당 1,088원)",
      "일시품절"
    ],
    "id": 797
  },
  {
    "link": "https://www.coupang.com/vp/products/121235674?itemId=360648950&vendorItemId=3877586063&sourceType=CAMPAIGN&campaignId=82&categoryId=445759",
    "image": "https://thumbnail6.coupangcdn.com/thumbnails/remote/230x230ex/image/product/image/vendoritem/2019/03/27/3877586063/1b9055cb-a0cc-4423-872d-b591c25da9ed.jpg",
    "name": "비고앤세이지 릴리루트 뷰티 어덜트 캣 사료, 2kg, 1개",
    "price": [
      "33,220원",
      "(100g당 1,661원)",
      "일시품절"
    ],
    "id": 798
  },
  {
    "link": "https://www.coupang.com/vp/products/121235674?itemId=360648958&vendorItemId=3877586074&sourceType=CAMPAIGN&campaignId=82&categoryId=445759",
    "image": "https://thumbnail9.coupangcdn.com/thumbnails/remote/230x230ex/image/retail/images/2018/08/10/14/5/54d21302-b5e1-4df5-9e3e-c29eeb344c67.jpg",
    "name": "비고앤세이지 릴리루트 뷰티 어덜트 캣 사료, 10kg, 1개",
    "price": [
      "110,000원",
      "(100g당 1,100원)",
      "일시품절"
    ],
    "id": 799
  },
  {
    "link": "https://www.coupang.com/vp/products/119602750?itemId=356438590&vendorItemId=3867713329&sourceType=CAMPAIGN&campaignId=82&categoryId=445759",
    "image": "https://thumbnail9.coupangcdn.com/thumbnails/remote/230x230ex/image/retail/images/2018/08/03/17/5/420efb1a-1594-4eb6-8c47-551ac6a95486.jpg",
    "name": "굿프랜드 오븐베이크 캣 그레인프리 피쉬 전연령용, 1.13kg, 1개",
    "price": [
      "32% 20,000",
      "13,540원",
      "(100g당 1,198원)",
      "일시품절"
    ],
    "id": 800
  },
  {
    "link": "https://www.coupang.com/vp/products/119602750?itemId=356438603&vendorItemId=3867713351&sourceType=CAMPAIGN&campaignId=82&categoryId=445759",
    "image": "https://thumbnail6.coupangcdn.com/thumbnails/remote/230x230ex/image/retail/images/2018/08/03/17/1/ce4f0345-53e4-405c-b5a8-606eb997b342.jpg",
    "name": "굿프랜드 오븐베이크 캣 그레인프리 피쉬 전연령용, 4.53kg, 1개",
    "price": [
      "32% 65,000",
      "43,940원",
      "(100g당 970원)",
      "일시품절"
    ],
    "id": 801
  },
  {
    "link": "https://www.coupang.com/vp/products/110899630?itemId=334210591&vendorItemId=3820092455&sourceType=CAMPAIGN&campaignId=82&categoryId=445759",
    "image": "https://thumbnail9.coupangcdn.com/thumbnails/remote/230x230ex/image/retail/images/2018/07/18/11/3/dbde7bc4-b835-4d6f-885e-3cdc2c6efc35.jpg",
    "name": "뉴트리플랜 건강프로젝트 장 고양이 습식사료, 160g, 12개입",
    "price": [
      "59% 24,000",
      "9,690원",
      "(100g당 505원)",
      "일시품절"
    ],
    "id": 802
  },
  {
    "link": "https://www.coupang.com/vp/products/106737771?itemId=322624957&vendorItemId=3789924816&sourceType=CAMPAIGN&campaignId=82&categoryId=445759",
    "image": "https://thumbnail7.coupangcdn.com/thumbnails/remote/230x230ex/image/retail/images/2018/07/04/14/7/a2507361-1107-40f6-ab4b-b6a9aa9e1965.jpg",
    "name": "뉴트라골드 홀리스틱 시니어 캣 건식사료, 1kg, 1개",
    "price": [
      "8,600원",
      "(100g당 860원)",
      "일시품절"
    ],
    "id": 803
  },
  {
    "link": "https://www.coupang.com/vp/products/106737771?itemId=322624972&vendorItemId=3789924853&sourceType=CAMPAIGN&campaignId=82&categoryId=445759",
    "image": "https://thumbnail7.coupangcdn.com/thumbnails/remote/230x230ex/image/retail/images/2018/07/04/14/2/4686974b-8c5e-4083-9b93-6398c3b0f434.jpg",
    "name": "뉴트라골드 홀리스틱 시니어 캣 건식사료, 3kg, 1개",
    "price": [
      "23,000원",
      "(100g당 767원)",
      "일시품절"
    ],
    "id": 804
  },
  {
    "link": "https://www.coupang.com/vp/products/92494106?itemId=287316324&vendorItemId=3705316552&sourceType=CAMPAIGN&campaignId=82&categoryId=445759",
    "image": "https://thumbnail6.coupangcdn.com/thumbnails/remote/230x230ex/image/retail/images/2018/05/17/10/7/f04d9e98-04f3-4670-a3e1-b6365dbe91e8.jpg",
    "name": "보레알 오리지널 피쉬 그레인프리 고양이 건식사료, 2.26kg, 1개",
    "price": [
      "28,490원",
      "(100g당 1,261원)",
      "일시품절"
    ],
    "id": 805
  },
  {
    "link": "https://www.coupang.com/vp/products/92494106?itemId=287316326&vendorItemId=3705316564&sourceType=CAMPAIGN&campaignId=82&categoryId=445759",
    "image": "https://thumbnail6.coupangcdn.com/thumbnails/remote/230x230ex/image/retail/images/2018/05/17/10/3/61643697-7eb1-4caf-894b-cd2b696010a9.jpg",
    "name": "보레알 오리지널 피쉬 그레인프리 고양이 건식사료, 5.44kg, 1개",
    "price": [
      "51,600원",
      "(100g당 949원)",
      "일시품절"
    ],
    "id": 806
  },
  {
    "link": "https://www.coupang.com/vp/products/254306471?itemId=799036705&vendorItemId=3692780695&sourceType=CAMPAIGN&campaignId=82&categoryId=445759",
    "image": "https://thumbnail7.coupangcdn.com/thumbnails/remote/230x230ex/image/retail/images/2018/05/10/16/6/3c317b41-dc69-43c1-9435-1580c74bbbe0.jpg",
    "name": "사조 옵티원 캣 연어아마씨 건식사료, 생선, 0.8kg",
    "price": [
      "26% 12,000",
      "8,840원",
      "(100g당 1,105원)",
      "일시품절"
    ],
    "id": 807
  },
  {
    "link": "https://www.coupang.com/vp/products/90487519?itemId=282261947&vendorItemId=3691554048&sourceType=CAMPAIGN&campaignId=82&categoryId=445759",
    "image": "https://thumbnail9.coupangcdn.com/thumbnails/remote/230x230ex/image/retail/images/2018/05/09/18/4/81b003d6-b36a-4808-a157-4a4053e30772.jpg",
    "name": "알라까르떼 그레인프리 강아지 생선 건식사료, 1.36kg, 1개",
    "price": [
      "15,770원",
      "(100g당 1,160원)",
      "일시품절"
    ],
    "id": 808
  },
  {
    "link": "https://www.coupang.com/vp/products/90487519?itemId=282261948&vendorItemId=3691554054&sourceType=CAMPAIGN&campaignId=82&categoryId=445759",
    "image": "https://thumbnail10.coupangcdn.com/thumbnails/remote/230x230ex/image/retail/images/2018/05/10/16/5/a980f5e6-a20f-41d5-9696-1bd09737b33c.jpg",
    "name": "알라까르떼 그레인프리 강아지 생선 건식사료, 15.8kg, 1개",
    "price": [
      "125,720원",
      "(100g당 796원)",
      "일시품절"
    ],
    "id": 809
  },
  {
    "link": "https://www.coupang.com/vp/products/90487517?itemId=282261943&vendorItemId=3691554037&sourceType=CAMPAIGN&campaignId=82&categoryId=445759",
    "image": "https://thumbnail8.coupangcdn.com/thumbnails/remote/230x230ex/image/retail/images/2018/05/10/16/3/a6e9ae8d-2f66-419f-8555-e2e1f1ba1dbd.jpg",
    "name": "알라까르떼 고양이 건식사료 연어&현미, 1.5kg, 1개",
    "price": [
      "15,960원",
      "(100g당 1,064원)",
      "일시품절"
    ],
    "id": 810
  },
  {
    "link": "https://www.coupang.com/vp/products/73742345?itemId=245177383&vendorItemId=3603014531&sourceType=CAMPAIGN&campaignId=82&categoryId=445759",
    "image": "https://thumbnail6.coupangcdn.com/thumbnails/remote/230x230ex/image/retail/images/2018/03/28/11/4/71fb63ea-776d-4554-955f-f1624fc79625.jpg",
    "name": "로얄캐닌 캣 샴 어덜트 사료, 10kg, 1개",
    "price": [
      "97,960원",
      "(100g당 980원)",
      "일시품절"
    ],
    "id": 811
  },
  {
    "link": "https://www.coupang.com/vp/products/60845368?itemId=208655447&vendorItemId=3494546437&sourceType=CAMPAIGN&campaignId=82&categoryId=445759",
    "image": "https://thumbnail10.coupangcdn.com/thumbnails/remote/230x230ex/image/retail/images/2018/01/17/15/5/3956fd03-8f91-49d5-b564-5fc40a1ddca5.jpg",
    "name": "카이세키 캐럿믹스 고양이 사료 헤어볼 퍼플, 450g, 6개입",
    "price": [
      "16% 35,000",
      "29,140원",
      "(100g당 1,079원)",
      "일시품절"
    ],
    "id": 812
  },
  {
    "link": "https://www.coupang.com/vp/products/59382448?itemId=204881407&vendorItemId=3485740634&sourceType=CAMPAIGN&campaignId=82&categoryId=445759",
    "image": "https://thumbnail8.coupangcdn.com/thumbnails/remote/230x230ex/image/retail/images/2018/01/10/10/8/d41cf8af-efcc-474d-81b9-6ca058c77cf7.jpg",
    "name": "퍼스트메이트 캣 그레인프리 치킨과 블루베리, 4.54kg, 1개",
    "price": [
      "47,150원",
      "(100g당 1,039원)",
      "일시품절"
    ],
    "id": 813
  },
  {
    "link": "https://www.coupang.com/vp/products/59382456?itemId=204881417&vendorItemId=3485740643&sourceType=CAMPAIGN&campaignId=82&categoryId=445759",
    "image": "https://thumbnail9.coupangcdn.com/thumbnails/remote/230x230ex/image/retail/images/2018/01/10/10/1/4bfa0a3e-efff-4de1-a480-e8841b1232a6.jpg",
    "name": "퍼스트메이트 캣 그레인프리 퍼시픽 오션 피쉬 블루베리, 4.54kg, 1개",
    "price": [
      "46,360원",
      "(100g당 1,021원)",
      "일시품절"
    ],
    "id": 814
  },
  {
    "link": "https://www.coupang.com/vp/products/59382456?itemId=204881414&vendorItemId=3485740638&sourceType=CAMPAIGN&campaignId=82&categoryId=445759",
    "image": "https://thumbnail8.coupangcdn.com/thumbnails/remote/230x230ex/image/retail/images/2018/01/10/10/6/4f6ce642-6f83-45fb-8efb-1016d038c7ae.jpg",
    "name": "퍼스트메이트 캣 그레인프리 퍼시픽 오션 피쉬 블루베리, 1.8kg, 1개",
    "price": [
      "17,690원",
      "(100g당 983원)",
      "일시품절"
    ],
    "id": 815
  },
  {
    "link": "https://www.coupang.com/vp/products/59382448?itemId=204881405&vendorItemId=3485740640&sourceType=CAMPAIGN&campaignId=82&categoryId=445759",
    "image": "https://thumbnail8.coupangcdn.com/thumbnails/remote/230x230ex/image/retail/images/2018/01/10/10/9/d590369c-4c65-4fbe-b924-31c4f3c62b9e.jpg",
    "name": "퍼스트메이트 캣 그레인프리 치킨과 블루베리, 1.8kg, 1개",
    "price": [
      "18,100원",
      "(100g당 1,006원)",
      "일시품절"
    ],
    "id": 816
  },
  {
    "link": "https://www.coupang.com/vp/products/59120170?itemId=204384302&vendorItemId=3484177428&sourceType=CAMPAIGN&campaignId=82&categoryId=445759",
    "image": "https://thumbnail10.coupangcdn.com/thumbnails/remote/230x230ex/image/retail/images/2018/01/09/15/5/b4ac0974-dfe0-4c14-ace5-1e705043373b.jpg",
    "name": "로우즈 밀프리 드라이푸드 디하이드레이드 치킨 칠면조 & 치킨 레시피 고양이간식, 790g, 1개",
    "price": [
      "26,800원",
      "(100g당 3,392원)",
      "일시품절"
    ],
    "id": 817
  },
  {
    "link": "https://www.coupang.com/vp/products/59120170?itemId=204384306&vendorItemId=3484177421&sourceType=CAMPAIGN&campaignId=82&categoryId=445759",
    "image": "https://thumbnail7.coupangcdn.com/thumbnails/remote/230x230ex/image/retail/images/2018/01/09/15/4/2d8aa9b8-15ce-4e97-9e0f-7fb7c83cab15.jpg",
    "name": "로우즈 밀프리 드라이푸드 디하이드레이드 치킨 칠면조 & 치킨 레시피 고양이간식, 1.5kg, 1개",
    "price": [
      "46,800원",
      "(100g당 3,120원)",
      "일시품절"
    ],
    "id": 818
  },
  {
    "link": "https://www.coupang.com/vp/products/57082043?itemId=197231002&vendorItemId=3469907110&sourceType=CAMPAIGN&campaignId=82&categoryId=445759",
    "image": "https://thumbnail6.coupangcdn.com/thumbnails/remote/230x230ex/image/retail/images/2017/12/29/14/3/a8e37dfa-1612-4dc2-aad3-5ba46442fc03.jpg",
    "name": "iti 고양이 주식캔 닭고기, 85g, 2개입",
    "price": [
      "59% 5,000",
      "2,050원",
      "(100g당 1,206원)",
      "일시품절"
    ],
    "id": 819
  },
  {
    "link": "https://www.coupang.com/vp/products/52258130?itemId=184633226&vendorItemId=3439383825&sourceType=CAMPAIGN&campaignId=82&categoryId=445759",
    "image": "https://thumbnail6.coupangcdn.com/thumbnails/remote/230x230ex/image/retail/images/2017/12/08/11/6/652af3f5-0675-4049-af07-85ffde3ab4a8.jpg",
    "name": "스케지어 네이처 캣 주식캔 참치 + 정어리, 70g, 4개입",
    "price": [
      "9,330원",
      "(100g당 3,332원)",
      "일시품절"
    ],
    "id": 820
  },
  {
    "link": "https://www.coupang.com/vp/products/52258139?itemId=184633365&vendorItemId=3439383840&sourceType=CAMPAIGN&campaignId=82&categoryId=445759",
    "image": "https://thumbnail9.coupangcdn.com/thumbnails/remote/230x230ex/image/product/image/vendoritem/2019/03/18/3439383840/910f927e-3f9f-4a27-95a7-ea469ec95a76.jpg",
    "name": "스케지어 네이처 닭고기&새우 고양이 캔 습식사료, 70g, 4개",
    "price": [
      "6,910원",
      "(100g당 2,468원)",
      "일시품절"
    ],
    "id": 821
  },
  {
    "link": "https://www.coupang.com/vp/products/52258132?itemId=184633244&vendorItemId=3439383824&sourceType=CAMPAIGN&campaignId=82&categoryId=445759",
    "image": "https://thumbnail9.coupangcdn.com/thumbnails/remote/230x230ex/image/retail/images/2017/12/08/11/6/c9b93d45-cf7c-4f98-a2f1-1fa245ec28fb.jpg",
    "name": "스케지어 네이처 캣 주식캔 참치 + 닭고기, 70g, 4개입",
    "price": [
      "7,870원",
      "(100g당 2,811원)",
      "일시품절"
    ],
    "id": 822
  },
  {
    "link": "https://www.coupang.com/vp/products/52258124?itemId=184633183&vendorItemId=3439383822&sourceType=CAMPAIGN&campaignId=82&categoryId=445759",
    "image": "https://thumbnail7.coupangcdn.com/thumbnails/remote/230x230ex/image/retail/images/2017/12/08/11/7/4a739dc6-82f1-43af-b634-92e9f0a3fb99.jpg",
    "name": "스케지어 네이처 캣 주식캔 참치, 70g, 4개입",
    "price": [
      "19% 6,800",
      "5,480원",
      "(100g당 1,957원)",
      "일시품절"
    ],
    "id": 823
  },
  {
    "link": "https://www.coupang.com/vp/products/52258137?itemId=184633322&vendorItemId=3439383839&sourceType=CAMPAIGN&campaignId=82&categoryId=445759",
    "image": "https://thumbnail10.coupangcdn.com/thumbnails/remote/230x230ex/image/retail/images/2017/12/08/11/5/318dc147-fa70-42b3-a694-bfe434d361e0.jpg",
    "name": "스케지어 네이처 캣 주식캔 닭고기 + 도미, 70g, 4개입",
    "price": [
      "16% 6,800",
      "5,710원",
      "(100g당 2,039원)",
      "일시품절"
    ],
    "id": 824
  },
  {
    "link": "https://www.coupang.com/vp/products/52258125?itemId=184633192&vendorItemId=3439383823&sourceType=CAMPAIGN&campaignId=82&categoryId=445759",
    "image": "https://thumbnail8.coupangcdn.com/thumbnails/remote/230x230ex/image/retail/images/2017/12/08/11/0/1d4e37c1-0d6d-4bda-a331-752fabc8c88a.jpg",
    "name": "스케지어 네이처 캣 주식캔 참치 + 도미, 70g, 4개입",
    "price": [
      "19% 6,800",
      "5,480원",
      "(100g당 1,957원)",
      "일시품절"
    ],
    "id": 825
  },
  {
    "link": "https://www.coupang.com/vp/products/51989676?itemId=183899742&vendorItemId=3437707120&sourceType=CAMPAIGN&campaignId=82&categoryId=445759",
    "image": "https://thumbnail7.coupangcdn.com/thumbnails/remote/230x230ex/image/retail/images/2017/12/01/18/1/b7377e20-d353-40e6-b013-bfcea02f88f3.jpg",
    "name": "뉴트리플랜 그레인프리 램 캣 건식사료, 2kg, 1개",
    "price": [
      "38% 33,000",
      "20,270원",
      "(100g당 1,014원)",
      "일시품절"
    ],
    "id": 826
  },
  {
    "link": "https://www.coupang.com/vp/products/51989671?itemId=183899748&vendorItemId=3437707123&sourceType=CAMPAIGN&campaignId=82&categoryId=445759",
    "image": "https://thumbnail8.coupangcdn.com/thumbnails/remote/230x230ex/image/retail/images/2017/12/01/18/0/abf05d04-752d-49d4-a737-f4cf13ace673.jpg",
    "name": "뉴트리플랜 그레인프리 튜나 캣 건식사료, 6kg, 1개",
    "price": [
      "58% 150,000",
      "62,520원",
      "(100g당 1,042원)",
      "일시품절"
    ],
    "id": 827
  },
  {
    "link": "https://www.coupang.com/vp/products/51989671?itemId=183899732&vendorItemId=3437707131&sourceType=CAMPAIGN&campaignId=82&categoryId=445759",
    "image": "https://thumbnail7.coupangcdn.com/thumbnails/remote/230x230ex/image/retail/images/2017/12/01/18/4/034ac439-c194-4754-aba9-2d4076fdb10c.jpg",
    "name": "뉴트리플랜 그레인프리 튜나 캣 건식사료, 2kg, 1개",
    "price": [
      "14% 33,000",
      "28,350원",
      "(100g당 1,418원)",
      "일시품절"
    ],
    "id": 828
  },
  {
    "link": "https://www.coupang.com/vp/products/51989676?itemId=183899761&vendorItemId=3437707127&sourceType=CAMPAIGN&campaignId=82&categoryId=445759",
    "image": "https://thumbnail10.coupangcdn.com/thumbnails/remote/230x230ex/image/retail/images/2017/12/01/18/1/7768c1d6-0982-4b92-a92a-f1b33be7329d.jpg",
    "name": "뉴트리플랜 그레인프리 램 캣 건식사료, 6kg, 1개",
    "price": [
      "43% 75,000",
      "42,000원",
      "(100g당 700원)",
      "일시품절"
    ],
    "id": 829
  },
  {
    "link": "https://www.coupang.com/vp/products/48721425?itemId=172391902&vendorItemId=3413301611&sourceType=CAMPAIGN&campaignId=82&categoryId=445759",
    "image": "https://thumbnail6.coupangcdn.com/thumbnails/remote/230x230ex/image/retail/images/2017/11/22/16/1/42d82071-6844-4768-b135-71516bd86dd3.jpg",
    "name": "아투 오리 프리런 고양이 사료, 3kg, 1개",
    "price": [
      "57,800원",
      "(100g당 1,927원)",
      "일시품절"
    ],
    "id": 830
  },
  {
    "link": "https://www.coupang.com/vp/products/46115698?itemId=164125340&vendorItemId=3388311229&sourceType=CAMPAIGN&campaignId=82&categoryId=445759",
    "image": "https://thumbnail7.coupangcdn.com/thumbnails/remote/230x230ex/image/retail/images/2017/11/06/10/7/781c3c3a-8772-4b9a-a3c4-e3ca22936a29.jpg",
    "name": "내추럴발란스 LID 캣푸드 수제캔 78g, 닭고기 + 호박 혼합맛, 1개",
    "price": [
      "3,030원",
      "(10g당 388원)",
      "일시품절"
    ],
    "id": 831
  },
  {
    "link": "https://www.coupang.com/vp/products/48709806?itemId=172355692&vendorItemId=3413131745&sourceType=CAMPAIGN&campaignId=82&categoryId=445759",
    "image": "https://thumbnail10.coupangcdn.com/thumbnails/remote/230x230ex/image/retail/images/2017/11/22/15/8/ebfdaa02-f62d-4edf-bcee-97bc4fc36dc5.jpg",
    "name": "바레리베 란트루스트 그레인프리 고양이사료 오리, 1.5kg, 1개",
    "price": [
      "25,190원",
      "(100g당 1,679원)",
      "일시품절"
    ],
    "id": 832
  },
  {
    "link": "https://www.coupang.com/vp/products/48709802?itemId=172355688&vendorItemId=3413131744&sourceType=CAMPAIGN&campaignId=82&categoryId=445759",
    "image": "https://thumbnail8.coupangcdn.com/thumbnails/remote/230x230ex/image/retail/images/2017/11/22/15/1/32af1542-eb79-42aa-b852-0f4d1f4cc57c.jpg",
    "name": "바레리베 란트루스트 그레인프리 고양이사료 칠면조, 1.5kg, 1개",
    "price": [
      "25,980원",
      "(100g당 1,732원)",
      "일시품절"
    ],
    "id": 833
  },
  {
    "link": "https://www.coupang.com/vp/products/48709805?itemId=172355691&vendorItemId=3413131748&sourceType=CAMPAIGN&campaignId=82&categoryId=445759",
    "image": "https://thumbnail7.coupangcdn.com/thumbnails/remote/230x230ex/image/retail/images/2017/11/22/15/9/6435c072-b15e-4a05-ac7a-eb8dc7c46a76.jpg",
    "name": "바레리베 란트루스트 그레인프리 고양이사료 닭고기, 1.5kg, 1개",
    "price": [
      "28,580원",
      "(100g당 1,905원)",
      "일시품절"
    ],
    "id": 834
  },
  {
    "link": "https://www.coupang.com/vp/products/41131619?itemId=150156589&vendorItemId=3343014307&sourceType=CAMPAIGN&campaignId=82&categoryId=445759",
    "image": "https://thumbnail8.coupangcdn.com/thumbnails/remote/230x230ex/image/retail/images/2017/10/13/18/1/bc199c3d-b13b-4e2b-acc0-ea78a48aa60e.jpg",
    "name": "웰니스코어 디바인 듀오 닭고기와 연어 고양이 습식사료, 79g, 1개",
    "price": [
      "2,100원",
      "(100g당 2,658원)",
      "일시품절"
    ],
    "id": 835
  },
  {
    "link": "https://www.coupang.com/vp/products/41131632?itemId=150156605&vendorItemId=3343014327&sourceType=CAMPAIGN&campaignId=82&categoryId=445759",
    "image": "https://thumbnail8.coupangcdn.com/thumbnails/remote/230x230ex/image/retail/images/2017/10/13/18/5/5d4ad51f-01e3-4ad5-bf8b-e2b9b7860bd3.jpg",
    "name": "웰니스 코어 디바인 듀오 그레인프리 고양이 간식 소고기와 닭간, 79g, 1개",
    "price": [
      "3,050원",
      "일시품절"
    ],
    "id": 836
  },
  {
    "link": "https://www.coupang.com/vp/products/41131634?itemId=150156608&vendorItemId=3343014328&sourceType=CAMPAIGN&campaignId=82&categoryId=445759",
    "image": "https://thumbnail6.coupangcdn.com/thumbnails/remote/230x230ex/image/retail/images/2017/10/13/18/9/b42e989f-bb69-4958-97ac-3af24acfaee7.jpg",
    "name": "웰니스 코어 디바인 듀오 그레인프리 고양이 간식 틸라피아와 참치, 79g, 1개",
    "price": [
      "2,060원",
      "일시품절"
    ],
    "id": 837
  },
  {
    "link": "https://www.coupang.com/vp/products/21896036?itemId=85378693&vendorItemId=3145045006&sourceType=CAMPAIGN&campaignId=82&categoryId=445759",
    "image": "https://thumbnail10.coupangcdn.com/thumbnails/remote/230x230ex/image/retail/images/2017/05/15/10/8/e702501f-7d32-4dd2-a0d2-a607620f865f.jpg",
    "name": "프리싸이스 내추럴스 그레인프리 치킨 포뮬라 고양이 사료, 2.72kg, 1개",
    "price": [
      "28,290원",
      "(100g당 1,040원)",
      "일시품절"
    ],
    "id": 838
  },
  {
    "link": "https://www.coupang.com/vp/products/21527486?itemId=84077523&vendorItemId=3143106112&sourceType=CAMPAIGN&campaignId=82&categoryId=445759",
    "image": "https://thumbnail10.coupangcdn.com/thumbnails/remote/230x230ex/image/retail/images/2017/05/11/10/7/250e5305-a6af-416a-a3a2-9136de63dcbb.jpg",
    "name": "아보덤 연어 & 현미 어덜트 고양이 사료, 4.99kg, 1개",
    "price": [
      "82,150원",
      "(100g당 1,646원)",
      "일시품절"
    ],
    "id": 839
  },
  {
    "link": "https://www.coupang.com/vp/products/2173269?itemId=9886631&vendorItemId=3014428828&sourceType=CAMPAIGN&campaignId=82&categoryId=445759",
    "image": "https://thumbnail10.coupangcdn.com/thumbnails/remote/230x230ex/image/product/image/vendoritem/2016/05/09/3014428828/fe5d1b0d-cc31-4ac0-b5e0-bf646337e5b2.jpg",
    "name": "솔리드골드 터치오브헤븐 홀리스틱 키튼 고양이 사료 닭 현미, 3.63kg, 1개",
    "price": [
      "47,150원",
      "(100g당 1,299원)",
      "일시품절"
    ],
    "id": 840
  },
  {
    "link": "https://www.coupang.com/vp/products/41097226?itemId=150065965&vendorItemId=3342743085&sourceType=CAMPAIGN&campaignId=82&categoryId=445759",
    "image": "https://thumbnail7.coupangcdn.com/thumbnails/remote/230x230ex/image/retail/images/2017/10/13/15/4/1e1d3090-45e9-413f-92b4-a76e6a1be974.jpg",
    "name": "캐니대 퓨어씨캣 연어 그레인프리 고양이사료 + 1kg, 생선, 4.5kg",
    "price": [
      "61,430원",
      "(100g당 1,365원)",
      "일시품절"
    ],
    "id": 841
  },
  {
    "link": "https://www.coupang.com/vp/products/38159278?itemId=140686231&vendorItemId=3303737692&sourceType=CAMPAIGN&campaignId=82&categoryId=445759",
    "image": "https://thumbnail9.coupangcdn.com/thumbnails/remote/230x230ex/image/product/image/vendoritem/2019/07/02/3303737692/6dc09b16-5c23-4f8d-a276-af705bd19832.jpg",
    "name": "뉴트리플랜 스페셜데이 편안한 저녁 고양이 습식캔, 90g, 12개입",
    "price": [
      "39% 18,000",
      "10,900원",
      "(100g당 1,009원)",
      "일시품절"
    ],
    "id": 842
  },
  {
    "link": "https://www.coupang.com/vp/products/39146060?itemId=144048674&vendorItemId=3314831250&sourceType=CAMPAIGN&campaignId=82&categoryId=445759",
    "image": "https://thumbnail10.coupangcdn.com/thumbnails/remote/230x230ex/image/product/image/vendoritem/2019/02/12/3314831250/d91a7e48-3a25-4460-a9ff-e89c23327ef7.jpg",
    "name": "프레스키 칠면조 + 치즈 고양이주식캔, 80g, 5개",
    "price": [
      "6,770원",
      "(100g당 1,693원)",
      "일시품절"
    ],
    "id": 843
  },
  {
    "link": "https://www.coupang.com/vp/products/37785212?itemId=139428855&vendorItemId=3298148556&sourceType=CAMPAIGN&campaignId=82&categoryId=445759",
    "image": "https://thumbnail7.coupangcdn.com/thumbnails/remote/230x230ex/image/product/image/vendoritem/2019/03/29/3298148556/f61a4f9d-54ed-4268-b101-5aed22ae0846.jpg",
    "name": "이볼브 치킨 앤 라이스 포뮬러 어덜트 캣 사료, 6.8kg, 1개",
    "price": [
      "28% 70,000",
      "50,050원",
      "(100g당 736원)",
      "일시품절"
    ],
    "id": 844
  },
  {
    "link": "https://www.coupang.com/vp/products/37381822?itemId=137657682&vendorItemId=3295849312&sourceType=CAMPAIGN&campaignId=82&categoryId=445759",
    "image": "https://thumbnail8.coupangcdn.com/thumbnails/remote/230x230ex/image/retail/images/2017/09/18/12/2/c3b6b27c-1728-4a61-b72e-6f28e16787e6.jpg",
    "name": "내추럴발란스 오리지날 울트라 WBH 오징어 연어 오리 포뮬라 드라이 반려묘 사료 Small Bite, 4.54kg, 1개",
    "price": [
      "69,290원",
      "(100g당 1,526원)",
      "일시품절"
    ],
    "id": 845
  },
  {
    "link": "https://www.coupang.com/vp/products/37381822?itemId=137657679&vendorItemId=3295849314&sourceType=CAMPAIGN&campaignId=82&categoryId=445759",
    "image": "https://thumbnail7.coupangcdn.com/thumbnails/remote/230x230ex/image/retail/images/2017/09/18/12/1/23c3fba3-3058-4967-81ce-e3235af23037.jpg",
    "name": "내추럴발란스 오리지날 울트라 WBH 오징어 연어 오리 포뮬라 드라이 반려묘 사료 Small Bite, 1.36kg, 1개",
    "price": [
      "24,290원",
      "(100g당 1,786원)",
      "일시품절"
    ],
    "id": 846
  },
  {
    "link": "https://www.coupang.com/vp/products/37381832?itemId=137657700&vendorItemId=3295849321&sourceType=CAMPAIGN&campaignId=82&categoryId=445759",
    "image": "https://thumbnail10.coupangcdn.com/thumbnails/remote/230x230ex/image/retail/images/2017/09/18/12/0/5119fd23-c411-4922-86b3-d33075b8af89.jpg",
    "name": "내추럴발란스 오리지날 울트라 WBH 닭고기 연어 오리 키튼 포뮬라 캔니드 반려묘 주식캔, 85g, 1개",
    "price": [
      "2,420원",
      "(100g당 2,847원)",
      "일시품절"
    ],
    "id": 847
  },
  {
    "link": "https://www.coupang.com/vp/products/29582165?itemId=113163990&vendorItemId=3223077199&sourceType=CAMPAIGN&campaignId=82&categoryId=445759",
    "image": "https://thumbnail6.coupangcdn.com/thumbnails/remote/230x230ex/image/retail/images/2017/08/01/16/5/bb85331f-d045-4166-8306-4a84e8e7ba58.jpg",
    "name": "이퀼리브리오 캣 처방식 사료 IN 위장질환, 2kg, 1개",
    "price": [
      "27,000원",
      "(100g당 1,350원)",
      "일시품절"
    ],
    "id": 848
  },
  {
    "link": "https://www.coupang.com/vp/products/34887859?itemId=129814293&vendorItemId=3271193478&sourceType=CAMPAIGN&campaignId=82&categoryId=445759",
    "image": "https://thumbnail8.coupangcdn.com/thumbnails/remote/230x230ex/image/retail/images/2017/09/04/17/4/af6a8d3d-1ab0-47e1-9562-4446951b9a70.jpg",
    "name": "사조 오러브잇 캣 오리 & 호박 사료, 4.8kg",
    "price": [
      "29,720원",
      "(100g당 619원)",
      "일시품절"
    ],
    "id": 849
  },
  {
    "link": "https://www.coupang.com/vp/products/30268932?itemId=115308741&vendorItemId=3230677055&sourceType=CAMPAIGN&campaignId=82&categoryId=445759",
    "image": "https://thumbnail10.coupangcdn.com/thumbnails/remote/230x230ex/image/retail/images/2017/08/08/17/9/0e85ab1c-b59d-4dcd-8dc5-f46c3e7ce2ef.jpg",
    "name": "웰니스 코어 인도어 캔드 캣, 156g, 24개입",
    "price": [
      "69,940원",
      "(100g당 1,868원)",
      "일시품절"
    ],
    "id": 850
  },
  {
    "link": "https://www.coupang.com/vp/products/35812609?itemId=132988710&vendorItemId=3279784797&sourceType=CAMPAIGN&campaignId=82&categoryId=445759",
    "image": "https://thumbnail7.coupangcdn.com/thumbnails/remote/230x230ex/image/product/image/vendoritem/2017/11/15/3279784797/b8b304f0-fd99-4d68-9899-5d7d79690fa0.jpg",
    "name": "네츄럴코어 에코플러스 C2 그레인프리 비프앤치킨 고양이사료, 7kg, 1개",
    "price": [
      "43,130원",
      "(100g당 616원)",
      "일시품절"
    ],
    "id": 851
  },
  {
    "link": "https://www.coupang.com/vp/products/35869814?itemId=133143654&vendorItemId=3280169122&sourceType=CAMPAIGN&campaignId=82&categoryId=445759",
    "image": "https://thumbnail10.coupangcdn.com/thumbnails/remote/230x230ex/image/retail/images/2017/09/08/17/2/4a6e6604-cedb-4cae-85be-45bc61e83ede.jpg",
    "name": "이볼브 치킨 앤 라이스 표물러 캣 푸드 성묘용, 1.36kg, 1개",
    "price": [
      "17,360원",
      "(100g당 1,276원)",
      "일시품절"
    ],
    "id": 852
  },
  {
    "link": "https://www.coupang.com/vp/products/35812609?itemId=132988709&vendorItemId=3279784801&sourceType=CAMPAIGN&campaignId=82&categoryId=445759",
    "image": "https://thumbnail6.coupangcdn.com/thumbnails/remote/230x230ex/image/product/image/vendoritem/2017/11/15/3279784801/662d8e5e-a3d7-491c-94e9-82987dc3e98f.jpg",
    "name": "네츄럴코어 에코플러스 C2 그레인프리 비프앤치킨 고양이사료, 2kg, 1개",
    "price": [
      "9% 16,500",
      "14,870원",
      "(100g당 744원)",
      "일시품절"
    ],
    "id": 853
  },
  {
    "link": "https://www.coupang.com/vp/products/28983393?itemId=110888534&vendorItemId=3217233730&sourceType=CAMPAIGN&campaignId=82&categoryId=445759",
    "image": "https://thumbnail7.coupangcdn.com/thumbnails/remote/230x230ex/image/product/image/vendoritem/2017/11/14/3217233730/7cc4be2e-6acf-476a-ac9e-f4a236e10275.jpg",
    "name": "퓨리나 프리스키 베스트 고양이 사료 간식 기프트박스 (발매트 색상 랜덤), 1세트",
    "price": [
      "24,070원",
      "일시품절"
    ],
    "id": 854
  },
  {
    "link": "https://www.coupang.com/vp/products/28983392?itemId=110888533&vendorItemId=3217233729&sourceType=CAMPAIGN&campaignId=82&categoryId=445759",
    "image": "https://thumbnail10.coupangcdn.com/thumbnails/remote/230x230ex/image/product/image/vendoritem/2017/11/14/3217233729/181c2a78-eeea-4cda-b561-98c7cc57fea4.jpg",
    "name": "퓨리나 프리스키 스페셜키튼 고양이 사료 간식 기프트박스 (발매트 색상 랜덤), 1세트",
    "price": [
      "12,990원",
      "일시품절"
    ],
    "id": 855
  },
  {
    "link": "https://www.coupang.com/vp/products/26137111?itemId=101498081&vendorItemId=3188733352&sourceType=CAMPAIGN&campaignId=82&categoryId=445759",
    "image": "https://thumbnail9.coupangcdn.com/thumbnails/remote/230x230ex/image/retail/images/2017/07/06/14/1/8be09a3c-0a9d-4e85-bd86-84ced2e4d423.jpg",
    "name": "피쉬포캣 연어 고양이 사료, 2.7kg, 1개",
    "price": [
      "50,100원",
      "(100g당 1,856원)",
      "일시품절"
    ],
    "id": 856
  },
  {
    "link": "https://www.coupang.com/vp/products/26137116?itemId=101498088&vendorItemId=3188733367&sourceType=CAMPAIGN&campaignId=82&categoryId=445759",
    "image": "https://thumbnail6.coupangcdn.com/thumbnails/remote/230x230ex/image/retail/images/2017/07/06/14/2/36146488-43cc-4570-9f6b-fe23f754c7cd.jpg",
    "name": "피쉬포캣 정어리 고양이 사료, 생선, 2.7kg",
    "price": [
      "44,210원",
      "(100g당 1,637원)",
      "일시품절"
    ],
    "id": 857
  },
  {
    "link": "https://www.coupang.com/vp/products/13656142?itemId=89274912&vendorItemId=3154257365&sourceType=CAMPAIGN&campaignId=82&categoryId=445759",
    "image": "https://thumbnail6.coupangcdn.com/thumbnails/remote/230x230ex/image/retail/images/2017/05/31/17/4/93dafb55-2d5d-4578-ba74-7a04278e86f0.jpg",
    "name": "블루버팔로 윌더니스 인도어 어덜트 캣 치킨 그레인프리 사료, 4.99kg, 1개",
    "price": [
      "19% 94,000",
      "75,500원",
      "(100g당 1,513원)",
      "일시품절"
    ],
    "id": 858
  },
  {
    "link": "https://www.coupang.com/vp/products/23652218?itemId=92045405&vendorItemId=3160906298&sourceType=CAMPAIGN&campaignId=82&categoryId=445759",
    "image": "https://thumbnail10.coupangcdn.com/thumbnails/remote/230x230ex/image/retail/images/2017/06/08/10/1/2570f7f5-ebea-45cb-96ed-3c54244ceee2.jpg",
    "name": "데코 캣 매니아 고양이 사료, 7kg, 1개",
    "price": [
      "26,120원",
      "(100g당 373원)",
      "일시품절"
    ],
    "id": 859
  },
  {
    "link": "https://www.coupang.com/vp/products/22979717?itemId=89274880&vendorItemId=3154257316&sourceType=CAMPAIGN&campaignId=82&categoryId=445759",
    "image": "https://thumbnail10.coupangcdn.com/thumbnails/remote/230x230ex/image/retail/images/2017/05/31/17/6/05ec358f-8372-4845-924c-40ba2f018dd7.jpg",
    "name": "블루버팔로 헬시 그로스 키튼 치킨 & 현미 사료, 3.2kg, 1개",
    "price": [
      "21% 52,000",
      "40,890원",
      "(100g당 1,278원)",
      "일시품절"
    ],
    "id": 860
  },
  {
    "link": "https://www.coupang.com/vp/products/13656138?itemId=89274875&vendorItemId=3154257317&sourceType=CAMPAIGN&campaignId=82&categoryId=445759",
    "image": "https://thumbnail7.coupangcdn.com/thumbnails/remote/230x230ex/image/retail/images/2017/05/31/17/2/a4394473-917b-44e6-b759-180a6685a244.jpg",
    "name": "블루버팔로 인도어 헬스 연어 & 현미 어덜트 캣 사료, 6.8kg, 1개",
    "price": [
      "19% 94,000",
      "75,500원",
      "(100g당 1,110원)",
      "일시품절"
    ],
    "id": 861
  },
  {
    "link": "https://www.coupang.com/vp/products/13656138?itemId=89274872&vendorItemId=3154257315&sourceType=CAMPAIGN&campaignId=82&categoryId=445759",
    "image": "https://thumbnail7.coupangcdn.com/thumbnails/remote/230x230ex/image/retail/images/2017/05/31/17/2/a4394473-917b-44e6-b759-180a6685a244.jpg",
    "name": "블루버팔로 인도어 헬스 연어 & 현미 어덜트 캣 사료, 3.2kg, 1개",
    "price": [
      "21% 52,000",
      "40,890원",
      "(100g당 1,278원)",
      "일시품절"
    ],
    "id": 862
  },
  {
    "link": "https://www.coupang.com/vp/products/22823810?itemId=88613614&vendorItemId=3152551698&sourceType=CAMPAIGN&campaignId=82&categoryId=445759",
    "image": "https://thumbnail6.coupangcdn.com/thumbnails/remote/230x230ex/image/retail/images/2017/05/29/10/6/46c5fb9e-d7fa-452a-b2e9-9142e5544479.jpg",
    "name": "옵티마노바 고양이사료 그레인프리 치킨&포테이토 맛, 8kg, 1개",
    "price": [
      "75,320원",
      "(100g당 942원)",
      "일시품절"
    ],
    "id": 863
  },
  {
    "link": "https://www.coupang.com/vp/products/22823810?itemId=88613610&vendorItemId=3152551693&sourceType=CAMPAIGN&campaignId=82&categoryId=445759",
    "image": "https://thumbnail8.coupangcdn.com/thumbnails/remote/230x230ex/image/retail/images/2017/05/29/10/2/d300da50-437b-4e18-a3c5-aacb265ac532.jpg",
    "name": "옵티마노바 고양이사료 그레인프리 치킨&포테이토 맛, 2kg, 1개",
    "price": [
      "19,040원",
      "(100g당 952원)",
      "일시품절"
    ],
    "id": 864
  },
  {
    "link": "https://www.coupang.com/vp/products/21266079?itemId=83128931&vendorItemId=3141607215&sourceType=CAMPAIGN&campaignId=82&categoryId=445759",
    "image": "https://thumbnail6.coupangcdn.com/thumbnails/remote/230x230ex/image/product/image/vendoritem/2019/01/31/3141607215/41a3cf56-95cd-43b4-b1ef-2d1e9834edeb.jpg",
    "name": "뉴트로 1세 이상 실내묘용 닭고기와 현미 건식사료, 2.95kg, 1개",
    "price": [
      "37% 32,000",
      "19,850원",
      "(100g당 673원)",
      "일시품절"
    ],
    "id": 865
  },
  {
    "link": "https://www.coupang.com/vp/products/21527495?itemId=84077545&vendorItemId=3143106128&sourceType=CAMPAIGN&campaignId=82&categoryId=445759",
    "image": "https://thumbnail6.coupangcdn.com/thumbnails/remote/230x230ex/image/product/image/vendoritem/2017/05/30/3143106128/ff3ca044-3ced-4a07-bdba-7fb2dc241646.jpg",
    "name": "아보덤 치킨 & 청어 키튼 고양이 사료, 800g, 1개",
    "price": [
      "16,290원",
      "(100g당 2,036원)",
      "일시품절"
    ],
    "id": 866
  },
  {
    "link": "https://www.coupang.com/vp/products/21527486?itemId=84077522&vendorItemId=3143106110&sourceType=CAMPAIGN&campaignId=82&categoryId=445759",
    "image": "https://thumbnail8.coupangcdn.com/thumbnails/remote/230x230ex/image/retail/images/2017/05/11/10/0/8d73d29a-63c1-4711-b87f-d7f05c8ac4be.jpg",
    "name": "아보덤 연어 & 현미 어덜트 고양이 사료, 1kg, 1개",
    "price": [
      "17,000원",
      "(100g당 1,700원)",
      "일시품절"
    ],
    "id": 867
  },
  {
    "link": "https://www.coupang.com/vp/products/21272253?itemId=127124703&vendorItemId=3141650550&sourceType=CAMPAIGN&campaignId=82&categoryId=445759",
    "image": "https://thumbnail7.coupangcdn.com/thumbnails/remote/230x230ex/image/retail/images/2017/05/08/17/8/12d3c7dc-6458-473d-954a-d379730c6d48.jpg",
    "name": "로얄캐닌 인스팅티브 젤리 고양이사료, 85g, 12개입",
    "price": [
      "12,410원",
      "(100g당 1,217원)",
      "일시품절"
    ],
    "id": 868
  },
  {
    "link": "https://www.coupang.com/vp/products/21185203?itemId=82710633&vendorItemId=3141038885&sourceType=CAMPAIGN&campaignId=82&categoryId=445759",
    "image": "https://thumbnail10.coupangcdn.com/thumbnails/remote/230x230ex/image/retail/images/2017/05/08/10/2/aa651053-38f3-45e3-819f-4b145b424116.jpeg",
    "name": "해피랑 캣투스 고양이사료 헤어볼 제거용, 7.5kg, 1개",
    "price": [
      "17% 20,000",
      "16,450원",
      "(100g당 219원)",
      "일시품절"
    ],
    "id": 869
  },
  {
    "link": "https://www.coupang.com/vp/products/19989070?itemId=79458779&vendorItemId=3134415816&sourceType=CAMPAIGN&campaignId=82&categoryId=445759",
    "image": "https://thumbnail7.coupangcdn.com/thumbnails/remote/230x230ex/image/product/image/vendoritem/2019/05/23/3134415816/618f41e2-5649-45ac-bc07-ddf7c9f41c18.jpg",
    "name": "미유믹스 토퍼 치킨에 치킨조각 고양이 주식캔, 78g, 12개입",
    "price": [
      "30% 18,000",
      "12,550원",
      "(100g당 1,341원)",
      "일시품절"
    ],
    "id": 870
  },
  {
    "link": "https://www.coupang.com/vp/products/18155131?itemId=73052333&vendorItemId=3119484114&sourceType=CAMPAIGN&campaignId=82&categoryId=445759",
    "image": "https://thumbnail7.coupangcdn.com/thumbnails/remote/230x230ex/image/product/image/vendoritem/2017/06/05/3119484114/f49ab6b6-8fe2-4561-a446-88e68fb4a079.jpg",
    "name": "사조동아원 캣티거 고양이사료, 10kg, 1개",
    "price": [
      "15,400원",
      "(100g당 154원)",
      "일시품절"
    ],
    "id": 871
  },
  {
    "link": "https://www.coupang.com/vp/products/18119357?itemId=72828560&vendorItemId=3118757794&sourceType=CAMPAIGN&campaignId=82&categoryId=445759",
    "image": "https://thumbnail6.coupangcdn.com/thumbnails/remote/230x230ex/image/product/image/vendoritem/2017/11/17/3118757794/6ba271ab-7cc0-4d1c-bc34-04d2d4c69155.jpg",
    "name": "캣투스 대용량 고양이사료, 20kg, 1개",
    "price": [
      "35% 50,000",
      "32,160원",
      "(100g당 161원)",
      "일시품절"
    ],
    "id": 872
  },
  {
    "link": "https://www.coupang.com/vp/products/16418376?itemId=66884756&vendorItemId=3106754176&sourceType=CAMPAIGN&campaignId=82&categoryId=445759",
    "image": "https://thumbnail7.coupangcdn.com/thumbnails/remote/230x230ex/image/retail/images/2017/03/09/16/2/b6c3ca63-1258-4f47-b8ba-9418a685a011.jpg",
    "name": "비타크레프트 안티 헤어볼 성묘용 사료 + 밀키멜로디 치즈 세트, 1.5kg, 1개",
    "price": [
      "13,330원",
      "(100g당 889원)",
      "일시품절"
    ],
    "id": 873
  },
  {
    "link": "https://www.coupang.com/vp/products/15288522?itemId=62900061&vendorItemId=3098614648&sourceType=CAMPAIGN&campaignId=82&categoryId=445759",
    "image": "https://thumbnail8.coupangcdn.com/thumbnails/remote/230x230ex/image/retail/images/2017/02/21/11/0/882ff816-bba7-4466-96cf-0dbe5e1f93fb.jpg",
    "name": "캣맘 고양이사료, 7.5kg, 1개",
    "price": [
      "18,270원",
      "(100g당 244원)",
      "일시품절"
    ],
    "id": 874
  },
  {
    "link": "https://www.coupang.com/vp/products/15288522?itemId=62900060&vendorItemId=3098614646&sourceType=CAMPAIGN&campaignId=82&categoryId=445759",
    "image": "https://thumbnail6.coupangcdn.com/thumbnails/remote/230x230ex/image/retail/images/2017/02/21/11/2/0b5b7b59-845c-400b-8055-3730918806fe.jpg",
    "name": "캣맘 고양이사료, 1.5kg, 2개입",
    "price": [
      "6,290원",
      "(100g당 210원)",
      "일시품절"
    ],
    "id": 875
  },
  {
    "link": "https://www.coupang.com/vp/products/3230173?itemId=8347029&vendorItemId=3011636377&sourceType=CAMPAIGN&campaignId=82&categoryId=445759",
    "image": "https://thumbnail7.coupangcdn.com/thumbnails/remote/230x230ex/image/product/image/vendoritem/2016/05/09/3011636377/8d40163b-9716-4b61-b68c-c125eed3eabe.jpg",
    "name": "퓨리나 프리스키 키튼 고양이 사료 닭고기와 생선, 1.2kg, 1개",
    "price": [
      "9,270원",
      "(100g당 773원)",
      "일시품절"
    ],
    "id": 876
  },
  {
    "link": "https://www.coupang.com/vp/products/13935051?itemId=57770760&vendorItemId=3090522315&sourceType=CAMPAIGN&campaignId=82&categoryId=445759",
    "image": "https://thumbnail7.coupangcdn.com/thumbnails/remote/230x230ex/image/retail/images/2017/02/01/9/0/38b0d8b3-a2fa-401a-8038-1f722d008d24.jpg",
    "name": "프레쉬 닭가슴살&흰살생선 고양이 사료, 50g, 12개입",
    "price": [
      "6,930원",
      "(100g당 1,155원)",
      "일시품절"
    ],
    "id": 877
  },
  {
    "link": "https://www.coupang.com/vp/products/13453634?itemId=56197482&vendorItemId=3088232705&sourceType=CAMPAIGN&campaignId=82&categoryId=445759",
    "image": "https://thumbnail7.coupangcdn.com/thumbnails/remote/230x230ex/image/retail/images/2017/01/20/16/9/307b7fd1-df40-4525-822b-bfcad2c61aef.jpg",
    "name": "프로팩 그레인프리 사바나프라이드 고양이 사료, 2kg, 1개",
    "price": [
      "23,580원",
      "(100g당 1,179원)",
      "일시품절"
    ],
    "id": 878
  },
  {
    "link": "https://www.coupang.com/vp/products/13656142?itemId=56970966&vendorItemId=3089274637&sourceType=CAMPAIGN&campaignId=82&categoryId=445759",
    "image": "https://thumbnail6.coupangcdn.com/thumbnails/remote/230x230ex/image/retail/images/2017/01/25/10/1/864bdb42-23a6-4b93-92ac-a8fa8a13e5d4.jpg",
    "name": "블루버팔로 윌더니스 인도어 치킨 어덜트 고양이 건식사료, 2.27kg, 1개",
    "price": [
      "8% 54,000",
      "49,430원",
      "(100g당 2,178원)",
      "일시품절"
    ],
    "id": 879
  },
  {
    "link": "https://www.coupang.com/vp/products/13656138?itemId=56970962&vendorItemId=3089274631&sourceType=CAMPAIGN&campaignId=82&categoryId=445759",
    "image": "https://thumbnail6.coupangcdn.com/thumbnails/remote/230x230ex/image/retail/images/2017/01/25/10/0/83efda8c-a2c7-419d-90db-68b01b5e2372.jpg",
    "name": "블루버팔로 인도어 헬스 어덜트 캣 연어&현미, 900g, 1개",
    "price": [
      "18,290원",
      "(100g당 2,032원)",
      "일시품절"
    ],
    "id": 880
  },
  {
    "link": "https://www.coupang.com/vp/products/646570?itemId=55816544&vendorItemId=3087655265&sourceType=CAMPAIGN&campaignId=82&categoryId=445759",
    "image": "https://thumbnail8.coupangcdn.com/thumbnails/remote/230x230ex/image/product/image/vendoritem/2017/03/07/3087655265/1193b1b5-a501-43fc-ab32-d9f0d3843856.jpg",
    "name": "뉴트리플랜 건강프로젝트, 항산화, 2개",
    "price": [
      "2,000원",
      "(10g당 63원)",
      "일시품절"
    ],
    "id": 881
  },
  {
    "link": "https://www.coupang.com/vp/products/646570?itemId=55816533&vendorItemId=3087655170&sourceType=CAMPAIGN&campaignId=82&categoryId=445759",
    "image": "https://thumbnail7.coupangcdn.com/thumbnails/remote/230x230ex/image/product/image/vendoritem/2017/03/07/3087655170/d8cfdc93-6547-45b8-a463-095648f42db8.jpg",
    "name": "뉴트리플랜 건강프로젝트, 피부모질, 2개",
    "price": [
      "1,720원",
      "(10g당 54원)",
      "일시품절"
    ],
    "id": 882
  },
  {
    "link": "https://www.coupang.com/vp/products/646570?itemId=55816525&vendorItemId=3087655116&sourceType=CAMPAIGN&campaignId=82&categoryId=445759",
    "image": "https://thumbnail7.coupangcdn.com/thumbnails/remote/230x230ex/image/product/image/vendoritem/2017/03/07/3087655116/3f948fb4-1cfa-4d9b-baf6-4ed05127275c.jpg",
    "name": "뉴트리플랜 건강프로젝트, 체중조절, 2개",
    "price": [
      "2,400원",
      "(10g당 75원)",
      "일시품절"
    ],
    "id": 883
  },
  {
    "link": "https://www.coupang.com/vp/products/185801?itemId=55815914&vendorItemId=3087653370&sourceType=CAMPAIGN&campaignId=82&categoryId=445759",
    "image": "https://thumbnail8.coupangcdn.com/thumbnails/remote/230x230ex/image/product/image/vendoritem/2017/03/07/3087653370/48bbaa6c-09bd-4769-b294-a99bd38af922.jpg",
    "name": "더캣츠 닭고기와 참치 고양이 주식캔, 100g, 6개",
    "price": [
      "4,070원",
      "(100g당 678원)",
      "일시품절"
    ],
    "id": 884
  },
  {
    "link": "https://www.coupang.com/vp/products/12654621?itemId=53646327&vendorItemId=3083906467&sourceType=CAMPAIGN&campaignId=82&categoryId=445759",
    "image": "https://thumbnail6.coupangcdn.com/thumbnails/remote/230x230ex/image/retail/images/2017/01/04/11/4/417363a7-a4f1-43bf-aa97-15dbb3d03ae7.jpg",
    "name": "팬시피스트 로스트 치킨 고양이 주식캔 3p, 255g, 16개입",
    "price": [
      "37% 67,200",
      "42,330원",
      "(100g당 1,038원)",
      "일시품절"
    ],
    "id": 885
  },
  {
    "link": "https://www.coupang.com/vp/products/12654628?itemId=53646348&vendorItemId=3083906487&sourceType=CAMPAIGN&campaignId=82&categoryId=445759",
    "image": "https://thumbnail9.coupangcdn.com/thumbnails/remote/230x230ex/image/product/image/vendoritem/2019/05/29/3083906487/d1361c62-11e9-4cb0-a6dd-25d50af517d2.jpg",
    "name": "팬시피스트 키튼 흰살생선 고양이 주식캔 3p, 255g, 16개입",
    "price": [
      "43% 67,200",
      "37,760원",
      "(100g당 925원)",
      "일시품절"
    ],
    "id": 886
  },
  {
    "link": "https://www.coupang.com/vp/products/11302161?itemId=48852305&vendorItemId=3076018114&sourceType=CAMPAIGN&campaignId=82&categoryId=445759",
    "image": "https://thumbnail10.coupangcdn.com/thumbnails/remote/230x230ex/image/retail/images/2016/12/14/10/5/be9ec271-da57-40b3-ba85-e643118e0165.jpg",
    "name": "릴리앤한스 그레이비 고양이 캔 6종 24p, 생선, 80g",
    "price": [
      "14,290원",
      "(10g당 74원)",
      "일시품절"
    ],
    "id": 887
  },
  {
    "link": "https://www.coupang.com/vp/products/1637297019?itemId=2792392743&vendorItemId=3069927816&sourceType=CAMPAIGN&campaignId=82&categoryId=445759",
    "image": "https://thumbnail9.coupangcdn.com/thumbnails/remote/230x230ex/image/retail/images/2016/11/29/13/8/a400971b-59fe-4cba-979f-47b0b67701b4.jpg",
    "name": "퓨리나 KMR 고양이 분유, 340g, 1개",
    "price": [
      "23% 49,000",
      "37,380원",
      "(10g당 1,099원)",
      "일시품절"
    ],
    "id": 888
  },
  {
    "link": "https://www.coupang.com/vp/products/10228780?itemId=44905540&vendorItemId=3070051880&sourceType=CAMPAIGN&campaignId=82&categoryId=445759",
    "image": "https://thumbnail9.coupangcdn.com/thumbnails/remote/230x230ex/image/product/image/vendoritem/2019/09/02/3070051880/00023acb-e5e7-4807-a7ad-e94e1b08878c.jpg",
    "name": "팬시피스트 엘레강트메들리 프리마베라 연어 고양이 캔, 85g, 24개입",
    "price": [
      "46% 45,600",
      "24,550원",
      "(100g당 1,203원)",
      "일시품절"
    ],
    "id": 889
  },
  {
    "link": "https://www.coupang.com/vp/products/10228809?itemId=44905577&vendorItemId=3070051893&sourceType=CAMPAIGN&campaignId=82&categoryId=445759",
    "image": "https://thumbnail8.coupangcdn.com/thumbnails/remote/230x230ex/image/product/image/vendoritem/2019/09/02/3070051893/34f944de-77fd-4bc6-9ced-940bbbe67e88.jpg",
    "name": "팬시피스트 엘레강트메들리 플로렌틴 참치 고양이 캔, 85g, 24개입",
    "price": [
      "46% 45,600",
      "24,580원",
      "(100g당 1,205원)",
      "일시품절"
    ],
    "id": 890
  },
  {
    "link": "https://www.coupang.com/vp/products/10195246?itemId=44800884&vendorItemId=3069927812&sourceType=CAMPAIGN&campaignId=82&categoryId=445759",
    "image": "https://thumbnail9.coupangcdn.com/thumbnails/remote/230x230ex/image/retail/images/2016/11/29/13/0/75afbb40-44a8-4156-a898-931e4dc0b1f7.jpg",
    "name": "퓨리나 오네이처 캣 케어, 6.5kg, 1개",
    "price": [
      "21,620원",
      "(100g당 333원)",
      "일시품절"
    ],
    "id": 891
  },
  {
    "link": "https://www.coupang.com/vp/products/9405888?itemId=41273228&vendorItemId=3063166674&sourceType=CAMPAIGN&campaignId=82&categoryId=445759",
    "image": "https://thumbnail10.coupangcdn.com/thumbnails/remote/230x230ex/image/retail/images/2016/11/04/15/2/c1de94b0-aed4-4a49-9622-e726040bee87.jpg",
    "name": "팬시피스트 딜라이츠 흰살생선+체다치즈 고양이 주식캔, 85g, 24개입",
    "price": [
      "25,260원",
      "(100g당 1,238원)",
      "일시품절"
    ],
    "id": 892
  },
  {
    "link": "https://www.coupang.com/vp/products/9173242?itemId=40304415&vendorItemId=3061005168&sourceType=CAMPAIGN&campaignId=82&categoryId=445759",
    "image": "https://thumbnail10.coupangcdn.com/thumbnails/remote/230x230ex/image/retail/images/5328062879971-4acc820d-f6ec-4f34-b7be-c1c6b632dc82.jpg",
    "name": "프로플랜 옵티 어덜트7+ 캣, 2.5kg, 1개",
    "price": [
      "46% 36,000",
      "19,440원",
      "(100g당 778원)",
      "일시품절"
    ],
    "id": 893
  },
  {
    "link": "https://www.coupang.com/vp/products/2815984?itemId=40809131&vendorItemId=3062080088&sourceType=CAMPAIGN&campaignId=82&categoryId=445759",
    "image": "https://thumbnail10.coupangcdn.com/thumbnails/remote/230x230ex/image/retail/images/2016/11/01/18/2/085d9ca5-5303-41de-8bb1-25530fb472ec.jpg",
    "name": "더밸류 캣캔 그레이비소스, 참치, 24개",
    "price": [
      "33,260원",
      "(10g당 173원)",
      "일시품절"
    ],
    "id": 894
  },
  {
    "link": "https://www.coupang.com/vp/products/2815984?itemId=40809129&vendorItemId=3062080082&sourceType=CAMPAIGN&campaignId=82&categoryId=445759",
    "image": "https://thumbnail6.coupangcdn.com/thumbnails/remote/230x230ex/image/retail/images/2016/11/01/18/6/f7f4e634-5422-46c3-b6da-a284fe0ab0e9.jpg",
    "name": "더밸류 캣캔 그레이비소스, 참치 + 닭고기 혼합맛, 24개",
    "price": [
      "33,260원",
      "(10g당 173원)",
      "일시품절"
    ],
    "id": 895
  },
  {
    "link": "https://www.coupang.com/vp/products/2815984?itemId=40809126&vendorItemId=3062080070&sourceType=CAMPAIGN&campaignId=82&categoryId=445759",
    "image": "https://thumbnail9.coupangcdn.com/thumbnails/remote/230x230ex/image/retail/images/2016/11/01/18/7/cb01ddb3-d068-4dd7-b067-f4860c092210.jpg",
    "name": "더밸류 캣캔 그레이비소스, 참치 + 치어 혼합맛, 24개입",
    "price": [
      "33,260원",
      "(10g당 173원)",
      "일시품절"
    ],
    "id": 896
  },
  {
    "link": "https://www.coupang.com/vp/products/2815984?itemId=40809127&vendorItemId=3062080072&sourceType=CAMPAIGN&campaignId=82&categoryId=445759",
    "image": "https://thumbnail10.coupangcdn.com/thumbnails/remote/230x230ex/image/retail/images/2016/11/01/18/9/c60031db-760d-4788-9280-8fb1ad00acb2.jpg",
    "name": "더밸류 캣캔 그레이비소스, 참치 + 연어 혼합맛, 24개",
    "price": [
      "24,000원",
      "(10g당 125원)",
      "일시품절"
    ],
    "id": 897
  },
  {
    "link": "https://www.coupang.com/vp/products/2815984?itemId=40809130&vendorItemId=3062080086&sourceType=CAMPAIGN&campaignId=82&categoryId=445759",
    "image": "https://thumbnail10.coupangcdn.com/thumbnails/remote/230x230ex/image/retail/images/2016/11/01/18/0/b88147b7-d331-408a-a935-97468c0dc4de.jpg",
    "name": "더밸류 캣캔 그레이비소스, 참치 + 게맛살 혼합맛, 24개",
    "price": [
      "30% 48,000",
      "33,260원",
      "(10g당 173원)",
      "일시품절"
    ],
    "id": 898
  },
  {
    "link": "https://www.coupang.com/vp/products/2815984?itemId=40809128&vendorItemId=3062080076&sourceType=CAMPAIGN&campaignId=82&categoryId=445759",
    "image": "https://thumbnail10.coupangcdn.com/thumbnails/remote/230x230ex/image/retail/images/2016/11/01/18/0/b609d667-b5dc-46d0-9c85-8a094e50d112.jpg",
    "name": "더밸류 캣캔 그레이비소스, 참치 + 새우 혼합맛, 24개",
    "price": [
      "33,260원",
      "(10g당 173원)",
      "일시품절"
    ],
    "id": 899
  },
  {
    "link": "https://www.coupang.com/vp/products/8993740?itemId=39400555&vendorItemId=3059221255&sourceType=CAMPAIGN&campaignId=82&categoryId=445759",
    "image": "https://thumbnail6.coupangcdn.com/thumbnails/remote/230x230ex/image/product/image/vendoritem/2016/10/24/3059221255/2cf7ab6f-f71e-4256-b613-4f642fb32a2e.jpg",
    "name": "네츄럴코어 베지테리언 고양이 건식사료, 4.8kg, 1개",
    "price": [
      "52,380원",
      "(100g당 1,091원)",
      "일시품절"
    ],
    "id": 900
  },
  {
    "link": "https://www.coupang.com/vp/products/8880803?itemId=38831107&vendorItemId=3058037292&sourceType=CAMPAIGN&campaignId=82&categoryId=445759",
    "image": "https://thumbnail7.coupangcdn.com/thumbnails/remote/230x230ex/image/product/image/vendoritem/2017/03/27/3058037292/7af50997-f0a1-4f62-9c3e-1a02573e5307.jpg",
    "name": "메릭 전연령 리미티드 다이어트 그레인프리 칠면조고기 고양이사료, 1.8kg, 1개",
    "price": [
      "35,720원",
      "(100g당 1,984원)",
      "일시품절"
    ],
    "id": 901
  },
  {
    "link": "https://www.coupang.com/vp/products/8880804?itemId=38831108&vendorItemId=3058037295&sourceType=CAMPAIGN&campaignId=82&categoryId=445759",
    "image": "https://thumbnail6.coupangcdn.com/thumbnails/remote/230x230ex/image/retail/images/2016/10/20/11/1/14f96a0e-5b5c-44a5-ac05-5b5e04793126.jpg",
    "name": "메릭 전연령 리미티드 다이어트 그레인프리 연어고기 고양이사료, 1.8kg, 1개",
    "price": [
      "35,720원",
      "(100g당 1,984원)",
      "일시품절"
    ],
    "id": 902
  },
  {
    "link": "https://www.coupang.com/vp/products/245774937?itemId=27392179&vendorItemId=3040582493&sourceType=CAMPAIGN&campaignId=82&categoryId=445759",
    "image": "https://thumbnail10.coupangcdn.com/thumbnails/remote/230x230ex/image/retail/images/2016/08/10/14/3/eec504eb-2a53-46eb-a4c5-8cf5ea5b2c4c.jpg",
    "name": "팬시피스트 인스퍼레이션 연어+시금치+애호박+콩 혼합맛 고양이 습식 간식, 2개, 70g",
    "price": [
      "1,920원",
      "(10g당 137원)",
      "일시품절"
    ],
    "id": 903
  },
  {
    "link": "https://www.coupang.com/vp/products/5653143?itemId=25643608&vendorItemId=3037919427&sourceType=CAMPAIGN&campaignId=82&categoryId=445759",
    "image": "https://thumbnail6.coupangcdn.com/thumbnails/remote/230x230ex/image/retail/images/2016/07/27/10/3/9f755a53-ab65-4110-aba0-c1d904bc0839.jpg",
    "name": "로얄캐닌 키튼 인스팅티브 파우치 애묘사료, 85g, 6개",
    "price": [
      "7,130원",
      "(100g당 1,398원)",
      "일시품절"
    ],
    "id": 904
  },
  {
    "link": "https://www.coupang.com/vp/products/4922216?itemId=22466760&vendorItemId=3032840676&sourceType=CAMPAIGN&campaignId=82&categoryId=445759",
    "image": "https://thumbnail9.coupangcdn.com/thumbnails/remote/230x230ex/image/product/image/vendoritem/2019/03/12/3032840676/942a0543-2a14-4373-95e3-2aada44424b1.jpg",
    "name": "슈프림 캣 콤보 고양이사료, 7.25kg, 1개",
    "price": [
      "26,250원",
      "(100g당 362원)",
      "일시품절"
    ],
    "id": 905
  },
  {
    "link": "https://www.coupang.com/vp/products/4912743?itemId=22583707&vendorItemId=3033035830&sourceType=CAMPAIGN&campaignId=82&categoryId=445759",
    "image": "https://thumbnail8.coupangcdn.com/thumbnails/remote/230x230ex/image/product/image/vendoritem/2016/06/30/3033035830/1404bc4f-2cac-41e7-af7b-3326f1bc17a7.jpg",
    "name": "레오나르도 피쉬앤라이스 고양이사료, 7.5kg, 1개",
    "price": [
      "86,150원",
      "(100g당 1,149원)",
      "일시품절"
    ],
    "id": 906
  },
  {
    "link": "https://www.coupang.com/vp/products/4912745?itemId=22583709&vendorItemId=3033035832&sourceType=CAMPAIGN&campaignId=82&categoryId=445759",
    "image": "https://thumbnail8.coupangcdn.com/thumbnails/remote/230x230ex/image/retail/images/2016/06/28/13/8/a4e806f0-5238-4764-bb3e-34f546e912d2.jpg",
    "name": "레오나르도 시니어 고양이사료, 7kg, 1개",
    "price": [
      "86,150원",
      "(100g당 1,231원)",
      "일시품절"
    ],
    "id": 907
  },
  {
    "link": "https://www.coupang.com/vp/products/4912745?itemId=22414713&vendorItemId=3032765830&sourceType=CAMPAIGN&campaignId=82&categoryId=445759",
    "image": "https://thumbnail8.coupangcdn.com/thumbnails/remote/230x230ex/image/product/image/vendoritem/2016/06/30/3032765830/721dd018-2af1-466d-96cc-96e4f03b3af5.jpg",
    "name": "레오나르도 시니어 고양이사료, 2kg, 1개",
    "price": [
      "37,150원",
      "(100g당 1,858원)",
      "일시품절"
    ],
    "id": 908
  },
  {
    "link": "https://www.coupang.com/vp/products/4912743?itemId=22414711&vendorItemId=3032765828&sourceType=CAMPAIGN&campaignId=82&categoryId=445759",
    "image": "https://thumbnail6.coupangcdn.com/thumbnails/remote/230x230ex/image/product/image/vendoritem/2016/06/30/3032765828/fad99e7e-6bb4-479a-8c81-7a9e3d448a6f.jpg",
    "name": "레오나르도 피쉬앤라이스 고양이사료, 2kg, 1개",
    "price": [
      "37,150원",
      "(100g당 1,858원)",
      "일시품절"
    ],
    "id": 909
  },
  {
    "link": "https://www.coupang.com/vp/products/4008302?itemId=19597985&vendorItemId=3028691250&sourceType=CAMPAIGN&campaignId=82&categoryId=445759",
    "image": "https://thumbnail6.coupangcdn.com/thumbnails/remote/230x230ex/image/retail/images/2016/06/07/13/4/c7635fbb-c8e8-4b9e-a215-53614b30a49c.jpg",
    "name": "넘버원 고양이 사료, 12kg, 1개",
    "price": [
      "23% 34,000",
      "25,920원",
      "(100g당 216원)",
      "일시품절"
    ],
    "id": 910
  },
  {
    "link": "https://www.coupang.com/vp/products/3848590?itemId=18903414&vendorItemId=3027718778&sourceType=CAMPAIGN&campaignId=82&categoryId=445759",
    "image": "https://thumbnail10.coupangcdn.com/thumbnails/remote/230x230ex/image/retail/images/2016/05/31/18/6/0324d098-7e3a-44c6-a0cf-801ae0267a58.jpg",
    "name": "한캔뚝딱 고양이캔 흰살생선과 조개와 리버 캣, 170g, 5개",
    "price": [
      "5,610원",
      "(100g당 660원)",
      "일시품절"
    ],
    "id": 911
  },
  {
    "link": "https://www.coupang.com/vp/products/3848586?itemId=18903410&vendorItemId=3027718768&sourceType=CAMPAIGN&campaignId=82&categoryId=445759",
    "image": "https://thumbnail6.coupangcdn.com/thumbnails/remote/230x230ex/image/retail/images/2016/05/31/18/9/3cfee6e6-37d4-4330-8e68-a7a285aff03a.jpg",
    "name": "한캔뚝딱 고양이캔 치킨과 리버 캣, 180g, 5개",
    "price": [
      "6,050원",
      "(100g당 672원)",
      "일시품절"
    ],
    "id": 912
  },
  {
    "link": "https://www.coupang.com/vp/products/2836481?itemId=13174564&vendorItemId=3020188824&sourceType=CAMPAIGN&campaignId=82&categoryId=445759",
    "image": "https://thumbnail7.coupangcdn.com/thumbnails/remote/230x230ex/image/product/image/vendoritem/2019/03/11/3020188824/bccb1c3e-b2b8-4850-9f30-14250335f2ca.jpg",
    "name": "뉴트리나 리틀라이언 그레인프리 어덜트 고양이 사료, 6.9kg, 1개",
    "price": [
      "22% 75,000",
      "58,410원",
      "(100g당 847원)",
      "일시품절"
    ],
    "id": 913
  },
  {
    "link": "https://www.coupang.com/vp/products/2836481?itemId=13174563&vendorItemId=3020188823&sourceType=CAMPAIGN&campaignId=82&categoryId=445759",
    "image": "https://thumbnail7.coupangcdn.com/thumbnails/remote/230x230ex/image/product/image/vendoritem/2019/05/08/3020188823/cc25a6b3-9b76-4fb2-b498-531cc6f366f3.jpg",
    "name": "뉴트리나 리틀라이언 그레인프리 어덜트 고양이 사료, 2.7kg, 1개",
    "price": [
      "29% 38,000",
      "26,870원",
      "(100g당 995원)",
      "일시품절"
    ],
    "id": 914
  },
  {
    "link": "https://www.coupang.com/vp/products/2741909?itemId=12638793&vendorItemId=3019292183&sourceType=CAMPAIGN&campaignId=82&categoryId=445759",
    "image": "https://thumbnail9.coupangcdn.com/thumbnails/remote/230x230ex/image/product/image/vendoritem/2016/05/09/3019292183/d2c81895-c974-4d34-b76a-fa9260a575ab.jpg",
    "name": "와이송 바이탤러티 고양이 사료, 2.27kg, 1개",
    "price": [
      "25,500원",
      "(100g당 1,123원)",
      "일시품절"
    ],
    "id": 915
  },
  {
    "link": "https://www.coupang.com/vp/products/2588819?itemId=11953743&vendorItemId=3018214507&sourceType=CAMPAIGN&campaignId=82&categoryId=445759",
    "image": "https://thumbnail10.coupangcdn.com/thumbnails/remote/230x230ex/image/product/image/vendoritem/2016/06/08/3018214507/649a892c-ce35-4bdf-9b79-970311c21233.jpg",
    "name": "프로베스트 캣 프라임 어덜트 사료, 1.5kg, 1개",
    "price": [
      "28% 9,000",
      "6,460원",
      "(100g당 431원)",
      "일시품절"
    ],
    "id": 916
  },
  {
    "link": "https://www.coupang.com/vp/products/2588819?itemId=12888243&vendorItemId=3019692042&sourceType=CAMPAIGN&campaignId=82&categoryId=445759",
    "image": "https://thumbnail6.coupangcdn.com/thumbnails/remote/230x230ex/image/product/image/vendoritem/2016/05/09/3019692042/3ac890a3-bd96-4357-a02f-faa00b42fe7e.jpg",
    "name": "프로베스트 캣 프라임 어덜트 사료, 1.5kg, 2개",
    "price": [
      "38% 18,000",
      "11,000원",
      "(100g당 367원)",
      "일시품절"
    ],
    "id": 917
  },
  {
    "link": "https://www.coupang.com/vp/products/2793225?itemId=12916173&vendorItemId=3019747818&sourceType=CAMPAIGN&campaignId=82&categoryId=445759",
    "image": "https://thumbnail10.coupangcdn.com/thumbnails/remote/230x230ex/image/product/image/vendoritem/2016/05/09/3019747818/05221b7b-5ad9-4838-b575-f200e9feae36.jpg",
    "name": "캣초이스 키튼 고양이 사료, 8.7kg, 1개",
    "price": [
      "35% 49,000",
      "31,580원",
      "(100g당 363원)",
      "일시품절"
    ],
    "id": 918
  },
  {
    "link": "https://www.coupang.com/vp/products/2731648?itemId=12579691&vendorItemId=3019198739&sourceType=CAMPAIGN&campaignId=82&categoryId=445759",
    "image": "https://thumbnail6.coupangcdn.com/thumbnails/remote/230x230ex/image/product/image/vendoritem/2016/05/09/3019198739/a83a6a6a-7694-4576-92fa-97e317f9b281.jpg",
    "name": "퓨리나 원 성묘용 닭고기 고양이 사료, 1.5kg, 1개",
    "price": [
      "14,430원",
      "(100g당 962원)",
      "일시품절"
    ],
    "id": 919
  },
  {
    "link": "https://www.coupang.com/vp/products/6684175?itemId=12681320&vendorItemId=3019364973&sourceType=CAMPAIGN&campaignId=82&categoryId=445759",
    "image": "https://thumbnail10.coupangcdn.com/thumbnails/remote/230x230ex/image/product/image/vendoritem/2016/04/12/3019364973/4045c409-657b-4e6c-9be0-b94d7277cbef.jpg",
    "name": "뉴트라이프 캣 클래식 베니손 비세라 앤 그린 램 프라이프 주식캔, 185g, 2개",
    "price": [
      "4,600원",
      "(100g당 1,243원)",
      "일시품절"
    ],
    "id": 920
  },
  {
    "link": "https://www.coupang.com/vp/products/6684174?itemId=12681322&vendorItemId=3019364978&sourceType=CAMPAIGN&campaignId=82&categoryId=445759",
    "image": "https://thumbnail10.coupangcdn.com/thumbnails/remote/230x230ex/image/product/image/vendoritem/2017/01/03/3019364978/0d545de9-f80c-4bd8-a47a-1a8c371e3f79.jpg",
    "name": "뉴트라이프 캣 클래식 램 앤 그린 트라이프 주식캔, 185g, 2개",
    "price": [
      "4,680원",
      "(100g당 1,265원)",
      "일시품절"
    ],
    "id": 921
  },
  {
    "link": "https://www.coupang.com/vp/products/9621?itemId=26276&vendorItemId=3000241956&sourceType=CAMPAIGN&campaignId=82&categoryId=445759",
    "image": "https://thumbnail7.coupangcdn.com/thumbnails/remote/230x230ex/image/product/image/vendoritem/2019/03/08/3000241956/7a59503f-d734-44c5-918a-916fe8ed3ac3.jpg",
    "name": "뉴트리나 리얼오가닉 오베서티 케어 고양이 사료, 2.4kg, 1개",
    "price": [
      "30% 25,000",
      "17,370원",
      "(100g당 724원)",
      "일시품절"
    ],
    "id": 922
  },
  {
    "link": "https://www.coupang.com/vp/products/3266949?itemId=10897634&vendorItemId=3016337077&sourceType=CAMPAIGN&campaignId=82&categoryId=445759",
    "image": "https://thumbnail8.coupangcdn.com/thumbnails/remote/230x230ex/image/product/image/vendoritem/2016/12/07/3016337077/5df91cb1-322e-441b-8211-a8dfa6a1cdc7.jpg",
    "name": "프레쉬 닭가슴살&흰살생선 습식사료, 50g, 12개",
    "price": [
      "12,600원",
      "(100g당 2,100원)",
      "일시품절"
    ],
    "id": 923
  },
  {
    "link": "https://www.coupang.com/vp/products/2298425?itemId=10519565&vendorItemId=3015584942&sourceType=CAMPAIGN&campaignId=82&categoryId=445759",
    "image": "https://thumbnail8.coupangcdn.com/thumbnails/remote/230x230ex/image/product/image/vendoritem/2019/09/02/3015584942/a1f325f9-f3ce-4513-ae17-89b28609dcb7.jpg",
    "name": "퓨리나 프리스키 해산물 앤 고기맛 고양이 사료, 1.2kg, 1개",
    "price": [
      "27% 9,400",
      "6,850원",
      "(100g당 571원)",
      "일시품절"
    ],
    "id": 924
  },
  {
    "link": "https://www.coupang.com/vp/products/2298425?itemId=10519566&vendorItemId=3015584943&sourceType=CAMPAIGN&campaignId=82&categoryId=445759",
    "image": "https://thumbnail9.coupangcdn.com/thumbnails/remote/230x230ex/image/product/image/vendoritem/2019/09/02/3015584943/ce468809-a64b-412a-b4c2-ba6b667c2cb6.jpg",
    "name": "퓨리나 프리스키 해산물 앤 고기맛 고양이 사료, 3kg, 1개",
    "price": [
      "22% 18,600",
      "14,370원",
      "(100g당 479원)",
      "일시품절"
    ],
    "id": 925
  },
  {
    "link": "https://www.coupang.com/vp/products/2173269?itemId=9886630&vendorItemId=3014428826&sourceType=CAMPAIGN&campaignId=82&categoryId=445759",
    "image": "https://thumbnail8.coupangcdn.com/thumbnails/remote/230x230ex/image/product/image/vendoritem/2016/05/09/3014428826/019c6e2a-30a4-43f1-9bbd-27eced90b263.jpg",
    "name": "솔리드골드 터치오브헤븐 홀리스틱 키튼 고양이 사료 닭 현미, 1.81kg, 1개",
    "price": [
      "27,430원",
      "(100g당 1,515원)",
      "일시품절"
    ],
    "id": 926
  },
  {
    "link": "https://www.coupang.com/vp/products/2207207?itemId=10067817&vendorItemId=3014762547&sourceType=CAMPAIGN&campaignId=82&categoryId=445759",
    "image": "https://thumbnail6.coupangcdn.com/thumbnails/remote/230x230ex/image/product/image/vendoritem/2016/06/27/3014762547/e2ef4bd9-6e59-4836-9780-0d5984f450b5.jpg",
    "name": "캣초이스 어덜트 고양이 사료, 8.7kg, 1개",
    "price": [
      "16% 43,000",
      "35,990원",
      "(100g당 414원)",
      "일시품절"
    ],
    "id": 927
  },
  {
    "link": "https://www.coupang.com/vp/products/766618?itemId=14123724&vendorItemId=3021565032&sourceType=CAMPAIGN&campaignId=82&categoryId=445759",
    "image": "https://thumbnail9.coupangcdn.com/thumbnails/remote/230x230ex/image/product/image/vendoritem/2016/05/11/3021565032/2bb5b005-68fa-419c-b954-62b7f8d6c98b.jpg",
    "name": "이벤져 그레인프리 고양이 주식캔, 2개, (100% 오리)",
    "price": [
      "6,920원",
      "(10g당 288원)",
      "일시품절"
    ],
    "id": 928
  },
  {
    "link": "https://www.coupang.com/vp/products/766618?itemId=14123723&vendorItemId=3021565031&sourceType=CAMPAIGN&campaignId=82&categoryId=445759",
    "image": "https://thumbnail8.coupangcdn.com/thumbnails/remote/230x230ex/image/product/image/vendoritem/2016/05/11/3021565031/9cde2c80-c1a2-42be-8a18-9fa5c1b0dea7.jpg",
    "name": "이벤져 그레인프리 고양이 주식캔, 2개, (100% 토끼)",
    "price": [
      "8,960원",
      "(10g당 373원)",
      "일시품절"
    ],
    "id": 929
  },
  {
    "link": "https://www.coupang.com/vp/products/3241751?itemId=11000294&vendorItemId=3016562365&sourceType=CAMPAIGN&campaignId=82&categoryId=445759",
    "image": "https://thumbnail7.coupangcdn.com/thumbnails/remote/230x230ex/image/product/image/vendoritem/2016/05/09/3016562365/5c4a65e9-bda0-4838-ba9a-834934b291e6.jpg",
    "name": "네이처스버라이어티 생식본능 그레인프리 오리 주식캔, 85g, 2개",
    "price": [
      "6,390원",
      "(10g당 376원)",
      "일시품절"
    ],
    "id": 930
  },
  {
    "link": "https://www.coupang.com/vp/products/646570?itemId=11137178&vendorItemId=3016801125&sourceType=CAMPAIGN&campaignId=82&categoryId=445759",
    "image": "https://thumbnail9.coupangcdn.com/thumbnails/remote/230x230ex/image/product/image/vendoritem/2016/03/25/3016801125/2e00b03c-43c1-46a2-a079-87fc6837439e.jpg",
    "name": "뉴트리플랜 건강프로젝트, 항산화, 3개",
    "price": [
      "3,000원",
      "(10g당 63원)",
      "일시품절"
    ],
    "id": 931
  },
  {
    "link": "https://www.coupang.com/vp/products/62115?itemId=10871071&vendorItemId=3016318965&sourceType=CAMPAIGN&campaignId=82&categoryId=445759",
    "image": "https://thumbnail10.coupangcdn.com/thumbnails/remote/230x230ex/image/product/image/vendoritem/2017/02/03/3016318965/156f8eb7-95bc-472d-9eec-28c5650cd1ec.jpg",
    "name": "지위픽 캣 캔식품 사슴고기&생선 통조림 85g, 2개",
    "price": [
      "8,040원",
      "(10g당 473원)",
      "일시품절"
    ],
    "id": 932
  },
  {
    "link": "https://www.coupang.com/vp/products/1886718?itemId=8347031&vendorItemId=3011636380&sourceType=CAMPAIGN&campaignId=82&categoryId=445759",
    "image": "https://thumbnail8.coupangcdn.com/thumbnails/remote/230x230ex/image/product/image/vendoritem/2016/05/09/3011636380/6aad386c-5c0f-46a6-ac61-9bd0d706c4cd.jpg",
    "name": "퓨리나 프리스키 구르메피스트 닭고기와 생선 관절 기능성 고양이 사료, 1.3kg, 1개",
    "price": [
      "8,500원",
      "(100g당 654원)",
      "일시품절"
    ],
    "id": 933
  },
  {
    "link": "https://www.coupang.com/vp/products/3230206?itemId=8315513&vendorItemId=3011533663&sourceType=CAMPAIGN&campaignId=82&categoryId=445759",
    "image": "https://thumbnail8.coupangcdn.com/thumbnails/remote/230x230ex/image/product/image/vendoritem/2016/05/09/3011533663/abd77657-c4d0-45e8-aa08-091b986121ad.jpg",
    "name": "어딕션 연어 고양이 사료, 1.8kg, 1개",
    "price": [
      "25,820원",
      "(100g당 1,434원)",
      "일시품절"
    ],
    "id": 934
  },
  {
    "link": "https://www.coupang.com/vp/products/3230206?itemId=8315514&vendorItemId=3011533665&sourceType=CAMPAIGN&campaignId=82&categoryId=445759",
    "image": "https://thumbnail7.coupangcdn.com/thumbnails/remote/230x230ex/image/product/image/vendoritem/2016/02/02/8315514/82f5bc31-4c1f-4ece-92d1-b9cb154088a2.jpg",
    "name": "어딕션 연어 고양이 사료, 9kg, 1개",
    "price": [
      "116,400원",
      "(100g당 1,293원)",
      "일시품절"
    ],
    "id": 935
  },
  {
    "link": "https://www.coupang.com/vp/products/6684175?itemId=1012847&vendorItemId=3000931243&sourceType=CAMPAIGN&campaignId=82&categoryId=445759",
    "image": "https://thumbnail8.coupangcdn.com/thumbnails/remote/230x230ex/image/product/image/vendoritem/2015/07/31/3000931243/5fe65fee-f9f3-48b1-8c34-7459db63a19f.jpg",
    "name": "뉴트라이프 캣 클래식 베니손 비세라 앤 그린 램 프라이프 주식캔, 185g, 1개",
    "price": [
      "2,300원",
      "(100g당 1,243원)",
      "일시품절"
    ],
    "id": 936
  },
  {
    "link": "https://www.coupang.com/vp/products/3241758?itemId=9651463&vendorItemId=3014012547&sourceType=CAMPAIGN&campaignId=82&categoryId=445759",
    "image": "https://thumbnail7.coupangcdn.com/thumbnails/remote/230x230ex/image/product/image/vendoritem/2016/05/09/3014012547/c9cac7c4-8ee5-4b10-a779-190ee1b96e72.jpg",
    "name": "네이처스버라이어티 생식본능 그레인프리 치킨 캣캔, 85g, 2개",
    "price": [
      "5,280원",
      "(100g당 3,106원)",
      "일시품절"
    ],
    "id": 937
  },
  {
    "link": "https://www.coupang.com/vp/products/9621?itemId=5904403&vendorItemId=3007649794&sourceType=CAMPAIGN&campaignId=82&categoryId=445759",
    "image": "https://thumbnail9.coupangcdn.com/thumbnails/remote/230x230ex/image/product/image/vendoritem/2019/03/11/3007649794/da7c0a0d-925f-4eb7-b546-3d00088c0f3b.jpg",
    "name": "뉴트리나 리얼오가닉 오베서티 케어 고양이 사료, 2.4kg, 2개",
    "price": [
      "30% 50,000",
      "34,740원",
      "(100g당 724원)",
      "일시품절"
    ],
    "id": 938
  },
  {
    "link": "https://www.coupang.com/vp/products/40125?itemId=5940350&vendorItemId=3007617371&sourceType=CAMPAIGN&campaignId=82&categoryId=445759",
    "image": "https://thumbnail6.coupangcdn.com/thumbnails/remote/230x230ex/image/product/image/vendoritem/2015/12/14/3007617371/0b1532e1-773a-4620-b74b-b7007c3ba287.jpg",
    "name": "리틀라이언 키튼(under 1y), 1kg, 2개",
    "price": [
      "24,580원",
      "(100g당 1,229원)",
      "일시품절"
    ],
    "id": 939
  },
  {
    "link": "https://www.coupang.com/vp/products/40127?itemId=5940892&vendorItemId=3007617375&sourceType=CAMPAIGN&campaignId=82&categoryId=445759",
    "image": "https://thumbnail7.coupangcdn.com/thumbnails/remote/230x230ex/image/product/image/vendoritem/2015/12/14/3007617375/67c8763d-3f59-4b65-b297-7301975b6dc6.jpg",
    "name": "뉴트리나 리틀라이언 시니어 over 7y 고양이 사료, 1kg, 2개",
    "price": [
      "29% 32,000",
      "22,620원",
      "(100g당 1,131원)",
      "일시품절"
    ],
    "id": 940
  },
  {
    "link": "https://www.coupang.com/vp/products/40125?itemId=5940351&vendorItemId=3007617372&sourceType=CAMPAIGN&campaignId=82&categoryId=445759",
    "image": "https://thumbnail8.coupangcdn.com/thumbnails/remote/230x230ex/image/product/image/vendoritem/2015/12/14/3007617372/1fc79959-b8c8-48ec-b43d-34574016b57e.jpg",
    "name": "리틀라이언 키튼(under 1y), 2.7kg, 2개",
    "price": [
      "51,640원",
      "(100g당 956원)",
      "일시품절"
    ],
    "id": 941
  },
  {
    "link": "https://www.coupang.com/vp/products/1110988?itemId=4784357&vendorItemId=3005862645&sourceType=CAMPAIGN&campaignId=82&categoryId=445759",
    "image": "https://thumbnail6.coupangcdn.com/thumbnails/remote/230x230ex/image/product/image/vendoritem/2016/05/23/3005862644/0e69a810-294d-40cf-942c-31df74043fc0.jpg",
    "name": "웰니스 컴플리트 헬스 시니어 고양이 사료, 2.66kg, 1개",
    "price": [
      "42,150원",
      "(100g당 1,585원)",
      "일시품절"
    ],
    "id": 942
  },
  {
    "link": "https://www.coupang.com/vp/products/3241750?itemId=1996742&vendorItemId=3001801819&sourceType=CAMPAIGN&campaignId=82&categoryId=445759",
    "image": "https://thumbnail8.coupangcdn.com/thumbnails/remote/230x230ex/image/product/image/vendoritem/2019/03/07/3001801819/24932c85-053c-4b70-aca4-173688428978.jpg",
    "name": "인스팅트 얼티밋 프로틴 치킨 포뮬러 반려묘 사료, 2.2kg, 1개",
    "price": [
      "50,050원",
      "(100g당 2,275원)",
      "일시품절"
    ],
    "id": 943
  },
  {
    "link": "https://www.coupang.com/vp/products/2511033?itemId=11565948&vendorItemId=3017485989&sourceType=CAMPAIGN&campaignId=82&categoryId=445759",
    "image": "https://thumbnail6.coupangcdn.com/thumbnails/remote/230x230ex/image/product/image/vendoritem/2016/05/09/3017485989/1e7e7f62-9854-445f-909a-e21559cce81c.jpg",
    "name": "바레리베 키튼 건사료, 10kg, 1개",
    "price": [
      "12% 114,000",
      "99,930원",
      "(100g당 999원)",
      "일시품절"
    ],
    "id": 944
  },
  {
    "link": "https://www.coupang.com/vp/products/3241750?itemId=1996743&vendorItemId=3001801820&sourceType=CAMPAIGN&campaignId=82&categoryId=445759",
    "image": "https://thumbnail8.coupangcdn.com/thumbnails/remote/230x230ex/image/product/image/vendoritem/2016/05/09/3001801820/67c87705-5299-4738-b95b-ce5626b981a2.jpg",
    "name": "인스팅트 얼티밋 프로틴 치킨 포뮬러 반려묘 사료, 4.7kg, 1개",
    "price": [
      "101,110원",
      "(100g당 2,151원)",
      "일시품절"
    ],
    "id": 945
  },
  {
    "link": "https://www.coupang.com/vp/products/418012?itemId=1095493&vendorItemId=3001059108&sourceType=CAMPAIGN&campaignId=82&categoryId=445759",
    "image": "https://thumbnail8.coupangcdn.com/thumbnails/remote/230x230ex/image/product/image/vendoritem/2016/04/28/3001059108/0311364c-a73c-4046-b416-c317f44daab5.jpg",
    "name": "바레리베 아웃도어캣, 1.5kg, 1개",
    "price": [
      "26,580원",
      "(100g당 1,772원)",
      "일시품절"
    ],
    "id": 946
  },
  {
    "link": "https://www.coupang.com/vp/products/3241747?itemId=15165022&vendorItemId=3001801815&sourceType=CAMPAIGN&campaignId=82&categoryId=445759",
    "image": "https://thumbnail10.coupangcdn.com/thumbnails/remote/230x230ex/image/product/image/vendoritem/2019/05/07/3001801815/87ffa289-3ca7-48c5-a154-24bd1c35b4c7.jpg",
    "name": "네이처스버라이어티 생식본능 그레인프리 토끼 고양이 사료 로우코팅, 2.5kg, 1개",
    "price": [
      "44,050원",
      "(100g당 1,762원)",
      "일시품절"
    ],
    "id": 947
  },
  {
    "link": "https://www.coupang.com/vp/products/3241747?itemId=15165021&vendorItemId=3001801813&sourceType=CAMPAIGN&campaignId=82&categoryId=445759",
    "image": "https://thumbnail7.coupangcdn.com/thumbnails/remote/230x230ex/image/product/image/vendoritem/2016/05/09/3001801813/6512ca62-f833-4af5-8f82-9dc073edd637.jpg",
    "name": "네이처스버라이어티 생식본능 그레인프리 토끼 고양이 사료 로우코팅, 1kg, 1개",
    "price": [
      "26,060원",
      "(100g당 2,606원)",
      "일시품절"
    ],
    "id": 948
  },
  {
    "link": "https://www.coupang.com/vp/products/3235355?itemId=3172045&vendorItemId=3003663500&sourceType=CAMPAIGN&campaignId=82&categoryId=445759",
    "image": "https://thumbnail10.coupangcdn.com/thumbnails/remote/230x230ex/image/product/image/vendoritem/2016/05/09/3003663500/5a6f5f7c-33c6-427d-9140-1e574d869185.jpg",
    "name": "K9 Natural 캣 치킨 & 양고기 건조/생식사료, 350g, 1개",
    "price": [
      "51,430원",
      "(100g당 14,694원)",
      "일시품절"
    ],
    "id": 949
  },
  {
    "link": "https://www.coupang.com/vp/products/9113961?itemId=9323316&vendorItemId=3013461957&sourceType=CAMPAIGN&campaignId=82&categoryId=445759",
    "image": "https://thumbnail9.coupangcdn.com/thumbnails/remote/230x230ex/image/product/image/vendoritem/2019/04/02/3013461957/62213ede-bcca-4c33-83ca-55f0d808baa2.jpg",
    "name": "위스카스 고양이 습식사료 파우치 닭고기와 참치, 85g, 7개",
    "price": [
      "4,250원",
      "(10g당 71원)",
      "일시품절"
    ],
    "id": 950
  },
  {
    "link": "https://www.coupang.com/vp/products/753403?itemId=2869714&vendorItemId=3003190560&sourceType=CAMPAIGN&campaignId=82&categoryId=445759",
    "image": "https://thumbnail10.coupangcdn.com/thumbnails/remote/230x230ex/image/product/image/vendoritem/2016/03/30/3003190560/df056910-281a-4cf5-92fa-2ac963e7a852.jpg",
    "name": "[힐스펫] 사이언스 다이어트 캣 헤어볼 라이트, 1.5kg, 1개",
    "price": [
      "19,290원",
      "(100g당 1,286원)",
      "일시품절"
    ],
    "id": 951
  },
  {
    "link": "https://www.coupang.com/vp/products/665272?itemId=7327995&vendorItemId=3009887551&sourceType=CAMPAIGN&campaignId=82&categoryId=445759",
    "image": "https://thumbnail6.coupangcdn.com/thumbnails/remote/230x230ex/image/product/image/vendoritem/2016/04/27/3009887551/8d94b812-68e0-4683-8cee-06d0d5be36f8.jpg",
    "name": "팬시피스트 로스트 치킨 주식캔, 85g, 3개입 x 2개",
    "price": [
      "4,720원",
      "(10g당 93원)",
      "일시품절"
    ],
    "id": 952
  },
  {
    "link": "https://www.coupang.com/vp/products/2651542?itemId=12259588&vendorItemId=3002400652&sourceType=CAMPAIGN&campaignId=82&categoryId=445759",
    "image": "https://thumbnail9.coupangcdn.com/thumbnails/remote/230x230ex/image/product/image/vendoritem/2016/05/09/3002400652/1d0335ac-601e-4be1-8af0-df3da8bc74df.jpg",
    "name": "동원 뉴트리플랜 키튼 고양이 사료, 1개, 1.5kg",
    "price": [
      "9,340원",
      "(100g당 623원)",
      "일시품절"
    ],
    "id": 953
  },
  {
    "link": "https://www.coupang.com/vp/products/593945?itemId=2097175&vendorItemId=3001939702&sourceType=CAMPAIGN&campaignId=82&categoryId=445759",
    "image": "https://thumbnail7.coupangcdn.com/thumbnails/remote/230x230ex/image/product/image/vendoritem/2015/09/17/3001939702/69efbbc7-406d-449d-b13e-8d9c6135ee59.jpg",
    "name": "[팬시피스트] 키튼 텐더 고양이 주식캔, 텐더 터키, 85g",
    "price": [
      "38% 12,600",
      "7,770원",
      "일시품절"
    ],
    "id": 954
  },
  {
    "link": "https://www.coupang.com/vp/products/3241745?itemId=1996733&vendorItemId=3001801809&sourceType=CAMPAIGN&campaignId=82&categoryId=445759",
    "image": "https://thumbnail7.coupangcdn.com/thumbnails/remote/230x230ex/image/product/image/vendoritem/2016/05/09/3001801809/ba940452-7c39-4426-8ed5-faf698e7cf5e.jpg",
    "name": "네이처스버라이어티 고양이 생식본능 오리와 칠면조 사료, 5.5kg, 1개",
    "price": [
      "75,150원",
      "(100g당 1,366원)",
      "일시품절"
    ],
    "id": 955
  },
  {
    "link": "https://www.coupang.com/vp/products/3241744?itemId=1996728&vendorItemId=3001801804&sourceType=CAMPAIGN&campaignId=82&categoryId=445759",
    "image": "https://thumbnail9.coupangcdn.com/thumbnails/remote/230x230ex/image/product/image/vendoritem/2016/05/10/3001801804/8118d90e-5223-4a21-a2a7-76824867718c.jpg",
    "name": "네이처스버라이어티 생식본능 그레인프리 치킨 고양이 사료, 1kg, 1개",
    "price": [
      "21,180원",
      "(100g당 2,118원)",
      "일시품절"
    ],
    "id": 956
  },
  {
    "link": "https://www.coupang.com/vp/products/3241745?itemId=1996731&vendorItemId=3001801807&sourceType=CAMPAIGN&campaignId=82&categoryId=445759",
    "image": "https://thumbnail6.coupangcdn.com/thumbnails/remote/230x230ex/image/product/image/vendoritem/2019/05/29/3001801807/a80fd3ed-278f-40c6-8b68-804b4ba33fcd.jpg",
    "name": "네이처스버라이어티 고양이 생식본능 오리와 칠면조 사료, 1kg, 1개",
    "price": [
      "23,620원",
      "(100g당 2,362원)",
      "일시품절"
    ],
    "id": 957
  },
  {
    "link": "https://www.coupang.com/vp/products/3241745?itemId=1996732&vendorItemId=3001801808&sourceType=CAMPAIGN&campaignId=82&categoryId=445759",
    "image": "https://thumbnail8.coupangcdn.com/thumbnails/remote/230x230ex/image/product/image/vendoritem/2016/05/09/3001801808/eae60cff-68d9-4683-985a-8aa9ab994700.jpg",
    "name": "네이처스버라이어티 고양이 생식본능 오리와 칠면조 사료, 2.5kg, 1개",
    "price": [
      "50,220원",
      "(100g당 2,009원)",
      "일시품절"
    ],
    "id": 958
  },
  {
    "link": "https://www.coupang.com/vp/products/3241744?itemId=1996730&vendorItemId=3001801806&sourceType=CAMPAIGN&campaignId=82&categoryId=445759",
    "image": "https://thumbnail10.coupangcdn.com/thumbnails/remote/230x230ex/image/product/image/vendoritem/2019/02/13/3001801806/4a69d129-0b94-4af9-81ba-7ef25ad51d9e.jpg",
    "name": "네이처스버라이어티 생식본능 그레인프리 치킨 고양이 사료, 5.5kg, 1개",
    "price": [
      "68,340원",
      "(100g당 1,243원)",
      "일시품절"
    ],
    "id": 959
  },
  {
    "link": "https://www.coupang.com/vp/products/2145341870?itemId=3642789067&vendorItemId=71628310396&sourceType=CAMPAIGN&campaignId=82&categoryId=445759",
    "image": "https://thumbnail7.coupangcdn.com/thumbnails/remote/230x230ex/image/retail/images/2020/09/21/10/5/658a1790-66fa-44a7-8cb8-085dfbea8f49.jpg",
    "name": "스케지어 네이처캣 고양이 캔 멀티팩 치킨 + 호박 습식사료 12p, 닭, 50g",
    "price": [
      "16,800원",
      "(100g당 2,800원)",
      "일시품절"
    ],
    "id": 960
  },
  {
    "link": "https://www.coupang.com/vp/products/2129140621?itemId=3613644461&vendorItemId=71599279168&sourceType=CAMPAIGN&campaignId=82&categoryId=445759",
    "image": "https://thumbnail10.coupangcdn.com/thumbnails/remote/230x230ex/image/retail/images/2020/09/16/10/1/97eecad4-f0a2-4696-8db9-ff63e42b4a52.jpg",
    "name": "렉스 키튼 내추럴레인지 닭고기와쌀 고양이 건식사료 2p, 닭, 1kg",
    "price": [
      "13,650원",
      "(100g당 683원)",
      "일시품절"
    ],
    "id": 961
  },
  {
    "link": "https://www.coupang.com/vp/products/2128988129?itemId=3613398461&vendorItemId=71599035146&sourceType=CAMPAIGN&campaignId=82&categoryId=445759",
    "image": "https://thumbnail9.coupangcdn.com/thumbnails/remote/230x230ex/image/retail/images/2020/09/07/10/0/9a4d66b3-55e1-47e1-886c-45394b0bc4a2.jpg",
    "name": "로투스 그레인프리 저스트 쥬시 치킨 스튜 고양이 주식캔, 닭, 150g",
    "price": [
      "127,200원",
      "(100g당 3,533원)",
      "일시품절"
    ],
    "id": 962
  },
  {
    "link": "https://www.coupang.com/vp/products/2106632131?itemId=3578675699&vendorItemId=71564496434&sourceType=CAMPAIGN&campaignId=82&categoryId=445759",
    "image": "https://thumbnail6.coupangcdn.com/thumbnails/remote/230x230ex/image/retail/images/152779393325230-4c54a4c6-37fc-41eb-9a04-d2c4859de55e.jpg",
    "name": "알파벳 F 필라인 유리너리 서포터 고양이 사료, 닭, 1.2kg",
    "price": [
      "4% 22,000",
      "21,120원",
      "(100g당 1,760원)",
      "일시품절"
    ],
    "id": 963
  },
  {
    "link": "https://www.coupang.com/vp/products/2081945093?itemId=3536620052&vendorItemId=71522626026&sourceType=CAMPAIGN&campaignId=82&categoryId=445759",
    "image": "https://thumbnail9.coupangcdn.com/thumbnails/remote/230x230ex/image/retail/images/2020/09/09/15/3/2e8c46db-f37a-4f72-a047-eb5c8419fe36.jpg",
    "name": "LOTUS 전연령용 캣 그레인프리 살몬 앤 야채 파테 습식사료 24p, 생선, 150g",
    "price": [
      "96,000원",
      "(100g당 2,667원)",
      "일시품절"
    ],
    "id": 964
  },
  {
    "link": "https://www.coupang.com/vp/products/2045642004?itemId=3477735896&vendorItemId=71464049329&sourceType=CAMPAIGN&campaignId=82&categoryId=445759",
    "image": "https://thumbnail6.coupangcdn.com/thumbnails/remote/230x230ex/image/retail/images/2020/08/25/10/9/506119d4-d193-4db9-9ad0-1f34b572c16b.jpg",
    "name": "로투스 전연령용 캣 그레인프리 주식캔 12p, 덕 파테, 150g",
    "price": [
      "48,600원",
      "(100g당 2,700원)",
      "일시품절"
    ],
    "id": 965
  },
  {
    "link": "https://www.coupang.com/vp/products/2045638749?itemId=3477730470&vendorItemId=71464043863&sourceType=CAMPAIGN&campaignId=82&categoryId=445759",
    "image": "https://thumbnail9.coupangcdn.com/thumbnails/remote/230x230ex/image/retail/images/2020/08/26/12/0/578fdebb-49b0-4710-ad39-fc9b9f4c1db7.jpg",
    "name": "로투스 전연령용 캣 그레인프리 주식캔 12p, 살몬 파테, 150g",
    "price": [
      "48,000원",
      "(100g당 2,667원)",
      "일시품절"
    ],
    "id": 966
  },
  {
    "link": "https://www.coupang.com/vp/products/2045638749?itemId=3477730471&vendorItemId=71464043871&sourceType=CAMPAIGN&campaignId=82&categoryId=445759",
    "image": "https://thumbnail9.coupangcdn.com/thumbnails/remote/230x230ex/image/retail/images/2020/08/26/12/2/102faa30-1202-411b-85e3-6687122b7bbb.jpg",
    "name": "로투스 전연령용 캣 그레인프리 주식캔 12p, 포크 파테, 150g",
    "price": [
      "48,000원",
      "(100g당 2,667원)",
      "일시품절"
    ],
    "id": 967
  },
  {
    "link": "https://www.coupang.com/vp/products/2045638749?itemId=3477730472&vendorItemId=71464043873&sourceType=CAMPAIGN&campaignId=82&categoryId=445759",
    "image": "https://thumbnail8.coupangcdn.com/thumbnails/remote/230x230ex/image/retail/images/2020/08/26/12/1/2e62b965-dfb1-417e-a285-ca6429fa9379.jpg",
    "name": "로투스 전연령용 캣 그레인프리 주식캔 12p, 치킨 파테, 150g",
    "price": [
      "48,000원",
      "(100g당 2,667원)",
      "일시품절"
    ],
    "id": 968
  },
  {
    "link": "https://www.coupang.com/vp/products/2016738622?itemId=3430465593&vendorItemId=71416982100&sourceType=CAMPAIGN&campaignId=82&categoryId=445759",
    "image": "https://thumbnail7.coupangcdn.com/thumbnails/remote/230x230ex/image/retail/images/2020/08/21/20/9/39f16b59-fcb1-4e8d-8a54-fbc435d97667.jpg",
    "name": "맘블레스 전연령용 캣 양고기 헤어볼 건식사료, 양, 1.2kg",
    "price": [
      "19,750원",
      "(100g당 1,646원)",
      "일시품절"
    ],
    "id": 969
  },
  {
    "link": "https://www.coupang.com/vp/products/2016738640?itemId=3430465619&vendorItemId=71416982095&sourceType=CAMPAIGN&campaignId=82&categoryId=445759",
    "image": "https://thumbnail8.coupangcdn.com/thumbnails/remote/230x230ex/image/retail/images/2020/08/21/20/6/679e0467-d962-4b66-b1aa-9f4d14219888.jpg",
    "name": "맘블레스 전연령용 캣 오리고기 체중조절 건식사료, 오리, 1.2kg",
    "price": [
      "13,270원",
      "(100g당 1,106원)",
      "일시품절"
    ],
    "id": 970
  },
  {
    "link": "https://www.coupang.com/vp/products/2016738564?itemId=3430465524&vendorItemId=71416982003&sourceType=CAMPAIGN&campaignId=82&categoryId=445759",
    "image": "https://thumbnail10.coupangcdn.com/thumbnails/remote/230x230ex/image/retail/images/2020/08/21/20/4/43ffcd67-1aa6-4051-8668-3855f7b1bbf8.jpg",
    "name": "맘블레스 전연령용 캣 연어 피부모질 건식사료, 생선, 1.2kg",
    "price": [
      "14,630원",
      "(100g당 1,219원)",
      "일시품절"
    ],
    "id": 971
  },
  {
    "link": "https://www.coupang.com/vp/products/2016566281?itemId=3430216898&vendorItemId=71416734846&sourceType=CAMPAIGN&campaignId=82&categoryId=445759",
    "image": "https://thumbnail9.coupangcdn.com/thumbnails/remote/230x230ex/image/retail/images/2020/08/27/16/4/dab934f0-19c2-42ac-849a-57da94d6431e.jpg",
    "name": "LOTUS 전연령용 캣 그레인프리 정어리 파테 주식캔 24p, 생선, 150g",
    "price": [
      "97,250원",
      "(100g당 2,701원)",
      "일시품절"
    ],
    "id": 972
  },
  {
    "link": "https://www.coupang.com/vp/products/2016566081?itemId=3430216575&vendorItemId=71416734872&sourceType=CAMPAIGN&campaignId=82&categoryId=445759",
    "image": "https://thumbnail8.coupangcdn.com/thumbnails/remote/230x230ex/image/retail/images/2020/08/27/16/4/eb31e0e5-045a-421c-bbd7-a4a669f6c88f.jpg",
    "name": "LOTUS 전연령용 캣 그레인프리 터키 앤 야채 파테 주식캔 24p, 칠면조, 150g",
    "price": [
      "96,000원",
      "(100g당 2,667원)",
      "일시품절"
    ],
    "id": 973
  },
  {
    "link": "https://www.coupang.com/vp/products/2016566051?itemId=3430216547&vendorItemId=71416734828&sourceType=CAMPAIGN&campaignId=82&categoryId=445759",
    "image": "https://thumbnail7.coupangcdn.com/thumbnails/remote/230x230ex/image/retail/images/2020/08/27/16/0/f4c4fa23-6e51-43a2-a447-f010201cfbc0.jpg",
    "name": "LOTUS 전연령용 캣 그레인프리 치킨 앤 야채 파테 주식캔 24p, 닭, 150g",
    "price": [
      "96,000원",
      "(100g당 2,667원)",
      "일시품절"
    ],
    "id": 974
  },
  {
    "link": "https://www.coupang.com/vp/products/2016566004?itemId=3430216483&vendorItemId=71416734772&sourceType=CAMPAIGN&campaignId=82&categoryId=445759",
    "image": "https://thumbnail6.coupangcdn.com/thumbnails/remote/230x230ex/image/retail/images/2020/08/27/16/9/aad1c1fe-d1a4-4caa-96d1-4293b3b29835.jpg",
    "name": "LOTUS 전연령용 캣 그레인프리 오리고기 파테 주식캔 24p, 오리, 150g",
    "price": [
      "96,000원",
      "(100g당 2,667원)",
      "일시품절"
    ],
    "id": 975
  },
  {
    "link": "https://www.coupang.com/vp/products/2016566026?itemId=3430216507&vendorItemId=71416734778&sourceType=CAMPAIGN&campaignId=82&categoryId=445759",
    "image": "https://thumbnail9.coupangcdn.com/thumbnails/remote/230x230ex/image/retail/images/2020/08/27/16/7/ee5a6a4a-3f83-46da-a156-e0ff7fb97d0e.jpg",
    "name": "LOTUS 전연령용 캣 그레인프리 돼지고기 파테 주식캔 24p, 돼지, 150g",
    "price": [
      "81,600원",
      "(100g당 2,267원)",
      "일시품절"
    ],
    "id": 976
  },
  {
    "link": "https://www.coupang.com/vp/products/1981173136?itemId=3370710487&vendorItemId=71357426173&sourceType=CAMPAIGN&campaignId=82&categoryId=445759",
    "image": "https://thumbnail7.coupangcdn.com/thumbnails/remote/230x230ex/image/retail/images/2020/08/20/12/1/5f1dd3eb-d079-4ddb-9800-2d03536d58f0.jpg",
    "name": "아딜론덱 전연령용 GF LID 고양이 사료 흰살, 생선, 1.5kg",
    "price": [
      "44,100원",
      "(100g당 2,940원)",
      "일시품절"
    ],
    "id": 977
  },
  {
    "link": "https://www.coupang.com/vp/products/1921051074?itemId=3261670458&vendorItemId=71248720638&sourceType=CAMPAIGN&campaignId=82&categoryId=445759",
    "image": "https://thumbnail6.coupangcdn.com/thumbnails/remote/230x230ex/image/retail/images/2020/08/04/15/4/941a33f0-7cd3-4f13-9240-0cc8beb283fa.jpg",
    "name": "보레알 전연령용 치킨 & 연어 캣 푸드 주식캔 24p, 닭, 80g",
    "price": [
      "48,000원",
      "(100g당 2,500원)",
      "일시품절"
    ],
    "id": 978
  },
  {
    "link": "https://www.coupang.com/vp/products/1921041591?itemId=3261658717&vendorItemId=71248708948&sourceType=CAMPAIGN&campaignId=82&categoryId=445759",
    "image": "https://thumbnail7.coupangcdn.com/thumbnails/remote/230x230ex/image/retail/images/2020/08/04/14/3/e04ba8ab-4437-4c9f-a09f-5632c6c8dd32.jpg",
    "name": "보스케스 참치 + 가리비 푸딩컵 캔 24p, 생선, 25g",
    "price": [
      "11,740원",
      "(100g당 1,957원)",
      "일시품절"
    ],
    "id": 979
  },
  {
    "link": "https://www.coupang.com/vp/products/1921041605?itemId=3261658725&vendorItemId=71248708954&sourceType=CAMPAIGN&campaignId=82&categoryId=445759",
    "image": "https://thumbnail6.coupangcdn.com/thumbnails/remote/230x230ex/image/retail/images/2020/08/04/14/5/b119de8a-a1a5-442e-b464-c32510182ab4.jpg",
    "name": "보스케스 참치 + 닭고기 푸딩컵 캔 24p, 생선, 25g",
    "price": [
      "11,740원",
      "(100g당 1,957원)",
      "일시품절"
    ],
    "id": 980
  },
  {
    "link": "https://www.coupang.com/vp/products/1921016307?itemId=3261619881&vendorItemId=71248670389&sourceType=CAMPAIGN&campaignId=82&categoryId=445759",
    "image": "https://thumbnail8.coupangcdn.com/thumbnails/remote/230x230ex/image/retail/images/2020/08/04/17/0/91448422-6620-45e7-b0d4-f3a6ee2f16ee.jpg",
    "name": "보레알 전연령용 고양이 습식 푸드 24p, 치킨 + 연어 + 오리, 80g",
    "price": [
      "48,000원",
      "(100g당 2,500원)",
      "일시품절"
    ],
    "id": 981
  },
  {
    "link": "https://www.coupang.com/vp/products/1918819186?itemId=3257995451&vendorItemId=71245060927&sourceType=CAMPAIGN&campaignId=82&categoryId=445759",
    "image": "https://thumbnail10.coupangcdn.com/thumbnails/remote/230x230ex/image/retail/images/2020/08/05/9/7/1ba7e89f-1c2a-4f97-a11e-565a8287c3f4.jpg",
    "name": "프로바이오틱라이브 키튼용 치킨 건식사료, 닭, 2kg",
    "price": [
      "37,600원",
      "(100g당 1,880원)",
      "일시품절"
    ],
    "id": 982
  },
  {
    "link": "https://www.coupang.com/vp/products/1871982530?itemId=3181537389&vendorItemId=71232051241&sourceType=CAMPAIGN&campaignId=82&categoryId=445759",
    "image": "https://thumbnail8.coupangcdn.com/thumbnails/remote/230x230ex/image/retail/images/2020/08/03/14/1/006772ac-f32c-48cd-9313-ee6e81149c5d.jpg",
    "name": "블루베이 성묘용 애니메잇 퍼시캣 호흡기건강 고양이 건식사료 참치 + 가리비, 생선, 2kg",
    "price": [
      "32,400원",
      "(100g당 1,620원)",
      "일시품절"
    ],
    "id": 983
  },
  {
    "link": "https://www.coupang.com/vp/products/1871981213?itemId=3181535886&vendorItemId=71232051228&sourceType=CAMPAIGN&campaignId=82&categoryId=445759",
    "image": "https://thumbnail9.coupangcdn.com/thumbnails/remote/230x230ex/image/retail/images/2020/08/03/16/5/333b61fc-8e5a-4cd6-a053-6e3fb0421b4b.jpg",
    "name": "블루베이 성묘용 애니메잇 고양이 그레인프리 헤어볼 건식사료 연어 + 치킨, 2kg, 생선",
    "price": [
      "28,840원",
      "일시품절"
    ],
    "id": 984
  },
  {
    "link": "https://www.coupang.com/vp/products/1909757815?itemId=3242643287&vendorItemId=71229828110&sourceType=CAMPAIGN&campaignId=82&categoryId=445759",
    "image": "https://thumbnail7.coupangcdn.com/thumbnails/remote/230x230ex/image/retail/images/2020/07/28/20/8/d50844b0-9fac-46e9-8df9-e73a233190a0.jpg",
    "name": "블루키친 블루런치 캣 치킨 앤 터키 건식사료, 닭, 2.27kg",
    "price": [
      "30% 25,810",
      "17,990원",
      "(100g당 793원)",
      "일시품절"
    ],
    "id": 985
  },
  {
    "link": "https://www.coupang.com/vp/products/1900396522?itemId=3228017971&vendorItemId=71215237536&sourceType=CAMPAIGN&campaignId=82&categoryId=445759",
    "image": "https://thumbnail6.coupangcdn.com/thumbnails/remote/230x230ex/image/retail/images/2020/07/31/17/5/e2f0f9bc-467e-437d-ac99-44c750863954.jpg",
    "name": "팬시피스트 어덜트 퓨리나 화이트라벨 치킨 앤 튜나 플레이크 습식사료, 닭, 85g",
    "price": [
      "26,400원",
      "(100g당 1,294원)",
      "일시품절"
    ],
    "id": 986
  },
  {
    "link": "https://www.coupang.com/vp/products/1853674437?itemId=3150863652&vendorItemId=71138445232&sourceType=CAMPAIGN&campaignId=82&categoryId=445759",
    "image": "https://thumbnail7.coupangcdn.com/thumbnails/remote/230x230ex/image/retail/images/2020/07/21/17/1/b85b5f46-f715-455e-89c7-229d1293c211.jpg",
    "name": "레오나르도 성묘용 리치 인 오리 습식사료 캔, 닭, 200g",
    "price": [
      "와우할인가 | 20% 21,380",
      "17,100원",
      "(100g당 1,425원)",
      "일시품절"
    ],
    "id": 987
  },
  {
    "link": "https://www.coupang.com/vp/products/1853365822?itemId=3150370730&vendorItemId=71137955333&sourceType=CAMPAIGN&campaignId=82&categoryId=445759",
    "image": "https://thumbnail6.coupangcdn.com/thumbnails/remote/230x230ex/image/retail/images/2020/07/21/15/8/0fda711f-f1d7-412b-8b68-fafc7b9d2a8b.jpg",
    "name": "레오나르도 1년 이상 고양이 주식 캔 6p, 리치 인 리버, 200g",
    "price": [
      "와우할인가 | 20% 21,360",
      "17,080원",
      "(100g당 1,423원)",
      "일시품절"
    ],
    "id": 988
  },
  {
    "link": "https://www.coupang.com/vp/products/1853365822?itemId=3150370729&vendorItemId=71137955298&sourceType=CAMPAIGN&campaignId=82&categoryId=445759",
    "image": "https://thumbnail9.coupangcdn.com/thumbnails/remote/230x230ex/image/retail/images/2020/07/21/15/9/c914e39d-e9dc-4a2a-8e73-cff49b697ef6.jpg",
    "name": "레오나르도 1년 이상 고양이 주식 캔 6p, 리치 인 토끼, 200g",
    "price": [
      "와우할인가 | 21% 21,890",
      "17,080원",
      "(100g당 1,423원)",
      "일시품절"
    ],
    "id": 989
  },
  {
    "link": "https://www.coupang.com/vp/products/1853365822?itemId=3150370731&vendorItemId=71137955355&sourceType=CAMPAIGN&campaignId=82&categoryId=445759",
    "image": "https://thumbnail9.coupangcdn.com/thumbnails/remote/230x230ex/image/retail/images/2020/07/21/15/5/ab77e6e3-3996-45a9-a006-2fa92849f678.jpg",
    "name": "레오나르도 1년 이상 고양이 주식 캔 6p, 퓨어 닭고기 폴트리, 200g",
    "price": [
      "와우할인가 | 20% 21,360",
      "17,080원",
      "(100g당 1,423원)",
      "일시품절"
    ],
    "id": 990
  },
  {
    "link": "https://www.coupang.com/vp/products/1853365773?itemId=3150370677&vendorItemId=71137955208&sourceType=CAMPAIGN&campaignId=82&categoryId=445759",
    "image": "https://thumbnail8.coupangcdn.com/thumbnails/remote/230x230ex/image/retail/images/2020/07/21/15/4/a944c5d6-cf7d-4708-8e5b-f039665679e2.jpg",
    "name": "레오나르도 1년 이상 고양이 주식 파우치 16p, 피쉬 + 새우, 85g",
    "price": [
      "41,600원",
      "(100g당 3,059원)",
      "일시품절"
    ],
    "id": 991
  },
  {
    "link": "https://www.coupang.com/vp/products/1853365773?itemId=3150370678&vendorItemId=71137955222&sourceType=CAMPAIGN&campaignId=82&categoryId=445759",
    "image": "https://thumbnail9.coupangcdn.com/thumbnails/remote/230x230ex/image/retail/images/2020/07/21/15/4/750284bd-c3bd-4d48-be27-b7e23aedd74a.jpg",
    "name": "레오나르도 1년 이상 고양이 주식 파우치 16p, 퓨어 치킨, 85g",
    "price": [
      "41,600원",
      "(100g당 3,059원)",
      "일시품절"
    ],
    "id": 992
  },
  {
    "link": "https://www.coupang.com/vp/products/1821473818?itemId=3099463135&vendorItemId=71087252621&sourceType=CAMPAIGN&campaignId=82&categoryId=445759",
    "image": "https://thumbnail8.coupangcdn.com/thumbnails/remote/230x230ex/image/retail/images/2020/07/14/14/8/57c95fd3-f49a-49e5-b8b8-39bee86575dc.jpg",
    "name": "블루베이 어덜트용 애니메잇 인도어캣 헤어볼 고양이 건식사료, 연어 + 치킨, 400g",
    "price": [
      "12,780원",
      "(100g당 3,195원)",
      "일시품절"
    ],
    "id": 993
  },
  {
    "link": "https://www.coupang.com/vp/products/1871982530?itemId=3181537388&vendorItemId=71087252623&sourceType=CAMPAIGN&campaignId=82&categoryId=445759",
    "image": "https://thumbnail7.coupangcdn.com/thumbnails/remote/230x230ex/image/retail/images/2020/07/14/14/9/5878d1af-d664-401e-906d-0f265739487c.jpg",
    "name": "블루베이 성묘용 애니메잇 퍼시캣 호흡기건강 고양이 건식사료 참치 + 가리비, 생선, 400g",
    "price": [
      "8,380원",
      "(100g당 2,095원)",
      "일시품절"
    ],
    "id": 994
  },
  {
    "link": "https://www.coupang.com/vp/products/1772445965?itemId=3017964185&vendorItemId=71006128865&sourceType=CAMPAIGN&campaignId=82&categoryId=445759",
    "image": "https://thumbnail10.coupangcdn.com/thumbnails/remote/230x230ex/image/retail/images/2020/07/02/16/1/8f0d00c3-31f6-4bec-a6ff-6ec9c4130f6b.jpg",
    "name": "프로베스트 키튼용 캣 블루 사료, 닭고기분, 7.5kg",
    "price": [
      "16,200원",
      "(100g당 216원)",
      "일시품절"
    ],
    "id": 995
  },
  {
    "link": "https://www.coupang.com/vp/products/1771143219?itemId=3015755353&vendorItemId=71003931493&sourceType=CAMPAIGN&campaignId=82&categoryId=445759",
    "image": "https://thumbnail9.coupangcdn.com/thumbnails/remote/230x230ex/image/retail/images/2020/06/23/20/3/5b114053-c3b5-4e33-bcd6-0eaab96809cd.jpg",
    "name": "카이세키 제핀 캔 가츠오 고양이 간식 4p, 가다랑어, 80g",
    "price": [
      "11,500원",
      "(100g당 3,594원)",
      "일시품절"
    ],
    "id": 996
  },
  {
    "link": "https://www.coupang.com/vp/products/1767433585?itemId=3009539836&vendorItemId=70997745836&sourceType=CAMPAIGN&campaignId=82&categoryId=445759",
    "image": "https://thumbnail6.coupangcdn.com/thumbnails/remote/230x230ex/image/retail/images/2020/06/30/9/2/720e0357-736a-4ee3-95f3-da76adf5daf6.jpg",
    "name": "BlackHawk 어덜트 고양이 주식 파우치 그레인프리 닭고기 참치 앤 오션피쉬 12p, 닭, 85g",
    "price": [
      "20,450원",
      "(100g당 2,005원)",
      "일시품절"
    ],
    "id": 997
  },
  {
    "link": "https://www.coupang.com/vp/products/1756767780?itemId=2992073043&vendorItemId=70980371625&sourceType=CAMPAIGN&campaignId=82&categoryId=445759",
    "image": "https://thumbnail8.coupangcdn.com/thumbnails/remote/230x230ex/image/retail/images/2020/06/24/16/6/63ca13b3-9d27-4253-b887-bf56518392e8.jpg",
    "name": "웰니스 어덜트용 코어 인도어 오션 캣 건식사료, 생선, 2.26kg",
    "price": [
      "33,830원",
      "(100g당 1,497원)",
      "일시품절"
    ],
    "id": 998
  },
  {
    "link": "https://www.coupang.com/vp/products/1756767633?itemId=2992072790&vendorItemId=70980371549&sourceType=CAMPAIGN&campaignId=82&categoryId=445759",
    "image": "https://thumbnail7.coupangcdn.com/thumbnails/remote/230x230ex/image/retail/images/2020/06/24/16/8/ef8eba30-01df-43ab-95a9-5ac3b1229e33.jpg",
    "name": "[유통기한 임박 20.09.26까지] 웰니스 어덜트용 헬시 발란스 치킨 캣 건식사료, 닭, 2.26kg",
    "price": [
      "33% 29,000",
      "19,200원",
      "(100g당 850원)",
      "일시품절"
    ],
    "id": 999
  },
  {
    "link": "https://www.coupang.com/vp/products/1756767633?itemId=2978896731&vendorItemId=70967260933&sourceType=CAMPAIGN&campaignId=82&categoryId=445759",
    "image": "https://thumbnail7.coupangcdn.com/thumbnails/remote/230x230ex/image/retail/images/2020/06/24/16/5/60480bf4-e443-40ca-b7ee-06c68ed089e2.jpg",
    "name": "[유통기한 임박 20.09.26까지] 웰니스 어덜트용 헬시 발란스 치킨캣 건식사료, 닭, 5.4kg",
    "price": [
      "7% 52,000",
      "47,900원",
      "(100g당 887원)",
      "일시품절"
    ],
    "id": 1000
  },
  {
    "link": "https://www.coupang.com/vp/products/1747436907?itemId=2975862907&vendorItemId=70964251188&sourceType=CAMPAIGN&campaignId=82&categoryId=445759",
    "image": "https://thumbnail7.coupangcdn.com/thumbnails/remote/230x230ex/image/retail/images/2020/06/23/20/9/448546da-d145-4fe5-8ffb-65cda6c89df6.jpg",
    "name": "이코노미 로얄캔 콤보 습식사료 48p, 생선, 60g",
    "price": [
      "22,650원",
      "(100g당 786원)",
      "일시품절"
    ],
    "id": 1001
  },
  {
    "link": "https://www.coupang.com/vp/products/1747436853?itemId=2975862780&vendorItemId=70964251017&sourceType=CAMPAIGN&campaignId=82&categoryId=445759",
    "image": "https://thumbnail6.coupangcdn.com/thumbnails/remote/230x230ex/image/retail/images/2020/06/23/20/8/0382706a-6c8c-45cc-88b2-921f9c7f7b16.jpg",
    "name": "이코노미 로얄캔 참치치어 습식사료 48p, 생선, 60g",
    "price": [
      "25,250원",
      "(100g당 877원)",
      "일시품절"
    ],
    "id": 1002
  },
  {
    "link": "https://www.coupang.com/vp/products/1747436702?itemId=2975862543&vendorItemId=70964250857&sourceType=CAMPAIGN&campaignId=82&categoryId=445759",
    "image": "https://thumbnail8.coupangcdn.com/thumbnails/remote/230x230ex/image/retail/images/2020/06/23/20/8/7f276bbb-2aeb-402f-82e4-021d5ae39ba1.jpg",
    "name": "이코노미 로얄캔 참치연어 습식사료 48p, 생선, 60g",
    "price": [
      "21,860원",
      "(100g당 759원)",
      "일시품절"
    ],
    "id": 1003
  },
  {
    "link": "https://www.coupang.com/vp/products/1747436728?itemId=2975862582&vendorItemId=70964250860&sourceType=CAMPAIGN&campaignId=82&categoryId=445759",
    "image": "https://thumbnail8.coupangcdn.com/thumbnails/remote/230x230ex/image/retail/images/2020/06/23/20/7/5a41fe96-899b-4833-b9e4-6e484c14e2cf.jpg",
    "name": "이코노미 로얄캔 참치치킨 습식사료 48p, 생선, 60g",
    "price": [
      "25,250원",
      "(100g당 877원)",
      "일시품절"
    ],
    "id": 1004
  },
  {
    "link": "https://www.coupang.com/vp/products/1744819427?itemId=2970922453&vendorItemId=70959339933&sourceType=CAMPAIGN&campaignId=82&categoryId=445759",
    "image": "https://thumbnail10.coupangcdn.com/thumbnails/remote/230x230ex/image/retail/images/2020/06/25/15/0/142d0356-3860-4dbb-a586-27b306c16c05.jpg",
    "name": "[유통기한 임박 20.10.16까지] 웰니스 어덜트 헬시 발란스 인도어 고양이 사료, 닭, 5.4kg",
    "price": [
      "7% 52,000",
      "47,900원",
      "(100g당 887원)",
      "일시품절"
    ],
    "id": 1005
  },
  {
    "link": "https://www.coupang.com/vp/products/1744819343?itemId=2970922317&vendorItemId=70959339818&sourceType=CAMPAIGN&campaignId=82&categoryId=445759",
    "image": "https://thumbnail7.coupangcdn.com/thumbnails/remote/230x230ex/image/retail/images/2020/06/25/15/8/9f099318-cbfd-4d72-83ee-c8bb25c76614.jpg",
    "name": "[유통기한 임박 21.01.28까지] 웰니스 키튼 컴플리트 헬스 그레인프리 고양이 사료, 닭, 2.5kg",
    "price": [
      "30% 42,000",
      "29,000원",
      "(100g당 1,160원)",
      "일시품절"
    ],
    "id": 1006
  },
  {
    "link": "https://www.coupang.com/vp/products/1744819361?itemId=2970922344&vendorItemId=70959339841&sourceType=CAMPAIGN&campaignId=82&categoryId=445759",
    "image": "https://thumbnail6.coupangcdn.com/thumbnails/remote/230x230ex/image/retail/images/2020/06/25/15/5/bfff9626-aff3-49ef-9f18-02c37bb1784a.jpg",
    "name": "[유통기한 임박 20.10.31까지] 웰니스 어덜트 코어 오리지날 캣 고양이 사료, 칠면조 + 닭고기, 0.9kg",
    "price": [
      "38% 21,000",
      "13,000원",
      "(100g당 1,444원)",
      "일시품절"
    ],
    "id": 1007
  },
  {
    "link": "https://www.coupang.com/vp/products/1741414539?itemId=2964740079&vendorItemId=70953182295&sourceType=CAMPAIGN&campaignId=82&categoryId=445759",
    "image": "https://thumbnail7.coupangcdn.com/thumbnails/remote/230x230ex/image/retail/images/2020/03/09/18/6/d2b5410d-3088-4a13-ae2c-23a436c83b43.jpg",
    "name": "웰니스 키튼 헬시 발란스 고양이 사료, 닭, 2.26kg",
    "price": [
      "21,400원",
      "(100g당 947원)",
      "일시품절"
    ],
    "id": 1008
  },
  {
    "link": "https://www.coupang.com/vp/products/1741414539?itemId=2964740078&vendorItemId=70953182272&sourceType=CAMPAIGN&campaignId=82&categoryId=445759",
    "image": "https://thumbnail9.coupangcdn.com/thumbnails/remote/230x230ex/image/retail/images/2020/05/25/15/1/b354c66c-29ae-4740-a623-c286e63c5490.jpg",
    "name": "웰니스 키튼용 헬시 발란스 고양이 건식 사료, 닭, 5.4kg",
    "price": [
      "43% 52,000",
      "29,150원",
      "(100g당 540원)",
      "일시품절"
    ],
    "id": 1009
  },
  {
    "link": "https://www.coupang.com/vp/products/1731375814?itemId=2947200079&vendorItemId=70935734684&sourceType=CAMPAIGN&campaignId=82&categoryId=445759",
    "image": "https://thumbnail9.coupangcdn.com/thumbnails/remote/230x230ex/image/retail/images/2020/06/22/15/2/56cfac6b-8543-4921-989b-aca810349335.jpg",
    "name": "위시본 전연령용 고양이 사료 2p, 소, 1.8kg",
    "price": [
      "55,800원",
      "(100g당 1,550원)",
      "일시품절"
    ],
    "id": 1010
  },
  {
    "link": "https://www.coupang.com/vp/products/1717618036?itemId=2923276959&vendorItemId=70911965335&sourceType=CAMPAIGN&campaignId=82&categoryId=445759",
    "image": "https://thumbnail6.coupangcdn.com/thumbnails/remote/230x230ex/image/retail/images/2020/06/09/18/0/e95043f6-f3eb-47a0-a5d9-e884eb03a839.jpg",
    "name": "이코노미로얄 고양이 캔사료 헤어볼 48p, 생선, 60g",
    "price": [
      "25,630원",
      "(100g당 890원)",
      "일시품절"
    ],
    "id": 1011
  },
  {
    "link": "https://www.coupang.com/vp/products/1717644563?itemId=2923314835&vendorItemId=70911965224&sourceType=CAMPAIGN&campaignId=82&categoryId=445759",
    "image": "https://thumbnail9.coupangcdn.com/thumbnails/remote/230x230ex/image/retail/images/2020/06/09/18/9/bdb14dbe-63f7-41e0-8c66-6f72a6d050ec.jpg",
    "name": "이코노미로얄 고양이 캔사료 참치 앤 새우 48p, 생선, 60g",
    "price": [
      "25,250원",
      "(100g당 877원)",
      "일시품절"
    ],
    "id": 1012
  },
  {
    "link": "https://www.coupang.com/vp/products/1713325908?itemId=2915759416&vendorItemId=70904443072&sourceType=CAMPAIGN&campaignId=82&categoryId=445759",
    "image": "https://thumbnail9.coupangcdn.com/thumbnails/remote/230x230ex/image/retail/images/2020/06/16/18/1/77a6304f-4ffa-4998-9562-86c957ab439b.jpg",
    "name": "캣츠파인푸드 NO 17 고양이 주식캔 6p, 가금류 + 새우, 400g",
    "price": [
      "44,450원",
      "(100g당 1,852원)",
      "일시품절"
    ],
    "id": 1013
  },
  {
    "link": "https://www.coupang.com/vp/products/1704615106?itemId=2900813070&vendorItemId=70889771108&sourceType=CAMPAIGN&campaignId=82&categoryId=445759",
    "image": "https://thumbnail9.coupangcdn.com/thumbnails/remote/230x230ex/image/retail/images/2020/06/11/18/9/1ae1cb2c-48a5-423b-acfb-6dca487fefd0.jpg",
    "name": "캣츠파인푸드 NO 405 필렛 칠면조 닭고기와 연어 주식캔 12p, 칠면조 필레 + 연어, 85g",
    "price": [
      "48,960",
      "48,600원",
      "(100g당 4,765원)",
      "일시품절"
    ],
    "id": 1014
  },
  {
    "link": "https://www.coupang.com/vp/products/1704633398?itemId=2900840877&vendorItemId=70889770315&sourceType=CAMPAIGN&campaignId=82&categoryId=445759",
    "image": "https://thumbnail9.coupangcdn.com/thumbnails/remote/230x230ex/image/retail/images/2020/06/11/18/9/2be5bcf4-9963-433a-8efc-226fc475e3eb.jpg",
    "name": "캣츠파인푸드 NO 103 퓨레 닭고기 주식캔 6p, 닭, 400g",
    "price": [
      "59,400원",
      "(100g당 2,475원)",
      "일시품절"
    ],
    "id": 1015
  },
  {
    "link": "https://www.coupang.com/vp/products/1658571427?itemId=2825690980&vendorItemId=70815150064&sourceType=CAMPAIGN&campaignId=82&categoryId=445759",
    "image": "https://thumbnail10.coupangcdn.com/thumbnails/remote/230x230ex/image/retail/images/2020/05/29/19/3/bfce84da-b7fc-409a-b089-bc88f9f2d58d.jpg",
    "name": "미오 키튼용 오션피쉬 고양이 건식사료, 닭, 1.2kg",
    "price": [
      "11,200원",
      "(100g당 467원)",
      "일시품절"
    ],
    "id": 1016
  },
  {
    "link": "https://www.coupang.com/vp/products/1658571489?itemId=2825691038&vendorItemId=70815149897&sourceType=CAMPAIGN&campaignId=82&categoryId=445759",
    "image": "https://thumbnail8.coupangcdn.com/thumbnails/remote/230x230ex/image/retail/images/2020/05/29/19/5/bfc23d44-dc0c-40d2-9646-ec639fcada6d.jpg",
    "name": "미오 어덜트용 참치 고양이 건식사료, 생선, 1.2kg",
    "price": [
      "11,200원",
      "(100g당 467원)",
      "일시품절"
    ],
    "id": 1017
  },
  {
    "link": "https://www.coupang.com/vp/products/1658171030?itemId=2825059305&vendorItemId=70814521585&sourceType=CAMPAIGN&campaignId=82&categoryId=445759",
    "image": "https://thumbnail10.coupangcdn.com/thumbnails/remote/230x230ex/image/retail/images/2020/05/28/17/8/e91237e1-e6e7-4e11-bacd-83d7903843ad.jpg",
    "name": "고스비 어덜트 프레스코 캣 간식캔 6p, 닭고기토끼고기, 70g",
    "price": [
      "13,190원",
      "(100g당 3,140원)",
      "일시품절"
    ],
    "id": 1018
  },
  {
    "link": "https://www.coupang.com/vp/products/1658171030?itemId=2825059306&vendorItemId=70814521603&sourceType=CAMPAIGN&campaignId=82&categoryId=445759",
    "image": "https://thumbnail8.coupangcdn.com/thumbnails/remote/230x230ex/image/retail/images/2020/05/28/17/2/a5e28820-36d6-46a0-9a24-0e1e289dbef9.jpg",
    "name": "고스비 어덜트 프레스코 캣 간식캔 6p, 참치연어, 70g",
    "price": [
      "13,190원",
      "(100g당 3,140원)",
      "일시품절"
    ],
    "id": 1019
  },
  {
    "link": "https://www.coupang.com/vp/products/1658171030?itemId=2825059307&vendorItemId=70814521621&sourceType=CAMPAIGN&campaignId=82&categoryId=445759",
    "image": "https://thumbnail10.coupangcdn.com/thumbnails/remote/230x230ex/image/retail/images/2020/05/28/17/7/6dd9a6b1-8a5c-4c3a-98a1-11531381867e.jpg",
    "name": "고스비 어덜트 프레스코 캣 간식캔 6p, 참치와연어파파야, 70g",
    "price": [
      "13,190원",
      "(100g당 3,140원)",
      "일시품절"
    ],
    "id": 1020
  },
  {
    "link": "https://www.coupang.com/vp/products/1658171030?itemId=2825059304&vendorItemId=70814521571&sourceType=CAMPAIGN&campaignId=82&categoryId=445759",
    "image": "https://thumbnail6.coupangcdn.com/thumbnails/remote/230x230ex/image/retail/images/2020/05/28/17/8/d6048031-9f11-40d7-852b-10aef3ec859a.jpg",
    "name": "고스비 어덜트 프레스코 캣 간식캔 6p, 참치새우, 70g",
    "price": [
      "13,190원",
      "(100g당 3,140원)",
      "일시품절"
    ],
    "id": 1021
  },
  {
    "link": "https://www.coupang.com/vp/products/1658170789?itemId=2825058897&vendorItemId=70814521310&sourceType=CAMPAIGN&campaignId=82&categoryId=445759",
    "image": "https://thumbnail9.coupangcdn.com/thumbnails/remote/230x230ex/image/retail/images/2020/05/28/17/0/890c46b7-d3c7-4c60-be46-359b8f4b379a.jpg",
    "name": "고스비 키튼 프레스코 캣 간식캔 6p, 참치와닭고기우유, 70g",
    "price": [
      "13,500원",
      "(100g당 3,214원)",
      "일시품절"
    ],
    "id": 1022
  },
  {
    "link": "https://www.coupang.com/vp/products/1658170715?itemId=2825058782&vendorItemId=70814521193&sourceType=CAMPAIGN&campaignId=82&categoryId=445759",
    "image": "https://thumbnail6.coupangcdn.com/thumbnails/remote/230x230ex/image/retail/images/2020/05/28/17/5/ce766312-4981-4d7d-9a4e-a371cc027d9c.jpg",
    "name": "고스비 시니어 프레스코 캣 간식캔 6p, 돼지, 70g",
    "price": [
      "13,250원",
      "(100g당 3,155원)",
      "일시품절"
    ],
    "id": 1023
  },
  {
    "link": "https://www.coupang.com/vp/products/1657390308?itemId=2823857694&vendorItemId=70813332075&sourceType=CAMPAIGN&campaignId=82&categoryId=445759",
    "image": "https://thumbnail6.coupangcdn.com/thumbnails/remote/230x230ex/image/retail/images/2020/05/28/17/6/3254007b-6de7-4ec1-86bf-62cd0f751a52.jpg",
    "name": "고스비 어덜트 프레스코 고양이 캔 닭고기 앤 토끼고기, 닭, 70g",
    "price": [
      "25,000원",
      "(100g당 2,976원)",
      "일시품절"
    ],
    "id": 1024
  },
  {
    "link": "https://www.coupang.com/vp/products/1657386204?itemId=2823851626&vendorItemId=70813331892&sourceType=CAMPAIGN&campaignId=82&categoryId=445759",
    "image": "https://thumbnail7.coupangcdn.com/thumbnails/remote/230x230ex/image/retail/images/2020/05/28/17/5/f6adb9ac-bec8-4b4b-be97-85e682c76809.jpg",
    "name": "고스비 시니어 프레스코 고양이 캔 고기 만찬, 닭, 70g",
    "price": [
      "25,250원",
      "(100g당 3,006원)",
      "일시품절"
    ],
    "id": 1025
  },
  {
    "link": "https://www.coupang.com/vp/products/1657377153?itemId=2823838912&vendorItemId=70813331923&sourceType=CAMPAIGN&campaignId=82&categoryId=445759",
    "image": "https://thumbnail9.coupangcdn.com/thumbnails/remote/230x230ex/image/retail/images/2020/05/28/17/3/9f3af857-72aa-4c2f-a35d-eb74df377cd0.jpg",
    "name": "고스비 어덜트 프레스코 고양이 캔 참치 앤 새우, 생선, 70g",
    "price": [
      "24,000원",
      "(100g당 2,857원)",
      "일시품절"
    ],
    "id": 1026
  },
  {
    "link": "https://www.coupang.com/vp/products/1657393805?itemId=2823863122&vendorItemId=70813331694&sourceType=CAMPAIGN&campaignId=82&categoryId=445759",
    "image": "https://thumbnail9.coupangcdn.com/thumbnails/remote/230x230ex/image/retail/images/2020/05/28/17/9/9252607e-7bdc-40db-b85f-e5eb34c7b6c5.jpg",
    "name": "고스비 키튼 프레스코 고양이 캔 참치와닭고기 앤 우유, 닭, 70g",
    "price": [
      "25,000원",
      "(100g당 2,976원)",
      "일시품절"
    ],
    "id": 1027
  },
  {
    "link": "https://www.coupang.com/vp/products/1657377374?itemId=2823839193&vendorItemId=70813331777&sourceType=CAMPAIGN&campaignId=82&categoryId=445759",
    "image": "https://thumbnail9.coupangcdn.com/thumbnails/remote/230x230ex/image/retail/images/2020/05/28/17/2/3d477832-6f08-4ce7-b98f-810879729b62.jpg",
    "name": "고스비 어덜트 프레스코 고양이 캔 참치 앤 연어, 생선, 70g",
    "price": [
      "25,000원",
      "(100g당 2,976원)",
      "일시품절"
    ],
    "id": 1028
  },
  {
    "link": "https://www.coupang.com/vp/products/243521052?itemId=772950154&vendorItemId=70778489955&sourceType=CAMPAIGN&campaignId=82&categoryId=445759",
    "image": "https://thumbnail6.coupangcdn.com/thumbnails/remote/230x230ex/image/retail/images/2020/05/28/17/6/4a580682-a77e-475a-9c2e-6875ec4451fa.jpg",
    "name": "메라 시니어용 파인이스트 피트 고양이 건식사료, 1개, 1.5kg",
    "price": [
      "17,150원",
      "(100g당 1,143원)",
      "일시품절"
    ],
    "id": 1029
  },
  {
    "link": "https://www.coupang.com/vp/products/247954745?itemId=784960735&vendorItemId=70778489936&sourceType=CAMPAIGN&campaignId=82&categoryId=445759",
    "image": "https://thumbnail6.coupangcdn.com/thumbnails/remote/230x230ex/image/retail/images/2020/05/28/17/5/baf1d143-fec9-441b-83cb-005c960ee88b.jpg",
    "name": "메라 시니어용 파인이스트 피트 고양이 건식사료, 가금류, 4kg",
    "price": [
      "48,200원",
      "(100g당 1,205원)",
      "일시품절"
    ],
    "id": 1030
  },
  {
    "link": "https://www.coupang.com/vp/products/1634297361?itemId=2787516536&vendorItemId=70777232489&sourceType=CAMPAIGN&campaignId=82&categoryId=445759",
    "image": "https://thumbnail10.coupangcdn.com/thumbnails/remote/230x230ex/image/retail/images/2020/05/25/0/2/0db82cd3-25a5-4328-b4b7-dff71140d6ce.jpg",
    "name": "트루라인 전연령 미트앤피쉬 고양이 건식사료, 닭, 1.5kg",
    "price": [
      "25,330원",
      "(100g당 1,689원)",
      "일시품절"
    ],
    "id": 1031
  },
  {
    "link": "https://www.coupang.com/vp/products/1634295501?itemId=2787513423&vendorItemId=70777232404&sourceType=CAMPAIGN&campaignId=82&categoryId=445759",
    "image": "https://thumbnail9.coupangcdn.com/thumbnails/remote/230x230ex/image/retail/images/2020/05/25/0/0/69539c19-6c04-49e5-9148-f51db966f5e2.jpg",
    "name": "트루라인 전연령 미트앤피쉬 고양이 건식사료 3p, 닭, 1.5kg",
    "price": [
      "63,000원",
      "(100g당 1,400원)",
      "일시품절"
    ],
    "id": 1032
  },
  {
    "link": "https://www.coupang.com/vp/products/1634289542?itemId=2787503722&vendorItemId=70777232468&sourceType=CAMPAIGN&campaignId=82&categoryId=445759",
    "image": "https://thumbnail10.coupangcdn.com/thumbnails/remote/230x230ex/image/retail/images/2020/05/25/0/9/832fff42-4e68-4bbb-9fbb-5602e27a4444.jpg",
    "name": "트루라인 전연령 피쉬 고양이 건식사료 3p, 생선, 1.5kg",
    "price": [
      "68,970원",
      "(100g당 1,533원)",
      "일시품절"
    ],
    "id": 1033
  },
  {
    "link": "https://www.coupang.com/vp/products/1741414446?itemId=2964739977&vendorItemId=70755514517&sourceType=CAMPAIGN&campaignId=82&categoryId=445759",
    "image": "https://thumbnail7.coupangcdn.com/thumbnails/remote/230x230ex/image/retail/images/2020/05/19/19/5/9fd6cf0f-e224-4cf2-b715-a9db18f387da.jpg",
    "name": "웰니스 어덜트용 헬시 발란스 인도어 고양이 건식 사료, 닭, 2.26kg",
    "price": [
      "20,540원",
      "(100g당 909원)",
      "일시품절"
    ],
    "id": 1034
  },
  {
    "link": "https://www.coupang.com/vp/products/1620696938?itemId=2765647440&vendorItemId=70755514511&sourceType=CAMPAIGN&campaignId=82&categoryId=445759",
    "image": "https://thumbnail9.coupangcdn.com/thumbnails/remote/230x230ex/image/retail/images/2020/05/25/15/9/69de3e7a-29cb-44d5-8160-0b19761d456c.jpg",
    "name": "웰니스 어덜트용 헬시 발란스 인도어 고양이 건식 사료, 닭, 5.4kg",
    "price": [
      "40,930원",
      "(100g당 758원)",
      "일시품절"
    ],
    "id": 1035
  },
  {
    "link": "https://www.coupang.com/vp/products/1605961393?itemId=2742866600&vendorItemId=70732901240&sourceType=CAMPAIGN&campaignId=82&categoryId=445759",
    "image": "https://thumbnail9.coupangcdn.com/thumbnails/remote/230x230ex/image/retail/images/2020/05/13/15/0/8b89fd76-a0e0-4316-bec1-e4a933bca85d.jpg",
    "name": "K9 내추럴 캣 냉동건조 램 바이트, 양, 50g",
    "price": [
      "17,700원",
      "일시품절"
    ],
    "id": 1036
  },
  {
    "link": "https://www.coupang.com/vp/products/1605961392?itemId=2742866599&vendorItemId=70732901239&sourceType=CAMPAIGN&campaignId=82&categoryId=445759",
    "image": "https://thumbnail9.coupangcdn.com/thumbnails/remote/230x230ex/image/retail/images/2020/05/13/15/7/c8387757-7505-4708-aa6a-4465e7b5da25.jpg",
    "name": "K9 내추럴 캣 냉동건조 램 그린 트라이푸 부스터, 양, 57g",
    "price": [
      "20,500원",
      "일시품절"
    ],
    "id": 1037
  },
  {
    "link": "https://www.coupang.com/vp/products/1594191231?itemId=2723584739&vendorItemId=70713782498&sourceType=CAMPAIGN&campaignId=82&categoryId=445759",
    "image": "https://thumbnail8.coupangcdn.com/thumbnails/remote/230x230ex/image/retail/images/2020/05/18/17/8/11af23c4-63e0-43e4-b8aa-8e8fda460759.jpg",
    "name": "아이디얼레시피 캣어덜트 웨잇매니지 그레인프리 건식사료, 곡물, 1kg",
    "price": [
      "12,400원",
      "(100g당 1,240원)",
      "일시품절"
    ],
    "id": 1038
  },
  {
    "link": "https://www.coupang.com/vp/products/4058538?itemId=19840199&vendorItemId=70713205963&sourceType=CAMPAIGN&campaignId=82&categoryId=445759",
    "image": "https://thumbnail8.coupangcdn.com/thumbnails/remote/230x230ex/image/retail/images/2020/05/18/16/6/9da92446-96f6-4d5c-bfd7-ef554161cada.jpg",
    "name": "퓨리나 1세 이상용 원캣 헤어볼 고양이 건식 사료, 1.5kg, 4개",
    "price": [
      "52,850원",
      "(100g당 881원)",
      "일시품절"
    ],
    "id": 1039
  },
  {
    "link": "https://www.coupang.com/vp/products/1583689653?itemId=2707146842&vendorItemId=70697420267&sourceType=CAMPAIGN&campaignId=82&categoryId=445759",
    "image": "https://thumbnail9.coupangcdn.com/thumbnails/remote/230x230ex/image/retail/images/2020/05/13/13/8/3e6657ce-f8f9-49da-9542-c9a3ae7e1f3c.jpg",
    "name": "웰니스 키튼 컴플리트 헬스 그레인 프리 고양이 사료, 닭, 2.5kg",
    "price": [
      "5% 30,750",
      "29,000원",
      "(100g당 1,160원)",
      "일시품절"
    ],
    "id": 1040
  },
  {
    "link": "https://www.coupang.com/vp/products/1565062251?itemId=2676131601&vendorItemId=70666675201&sourceType=CAMPAIGN&campaignId=82&categoryId=445759",
    "image": "https://thumbnail7.coupangcdn.com/thumbnails/remote/230x230ex/image/retail/images/2020/05/07/12/0/44e80928-53f9-48e4-acf1-34a737c5f990.jpg",
    "name": "보레알 고양이 주식캔 치킨 오리 24p, 닭, 80g",
    "price": [
      "43,010원",
      "(100g당 2,240원)",
      "일시품절"
    ],
    "id": 1041
  },
  {
    "link": "https://www.coupang.com/vp/products/1565062238?itemId=2676131582&vendorItemId=70666675197&sourceType=CAMPAIGN&campaignId=82&categoryId=445759",
    "image": "https://thumbnail6.coupangcdn.com/thumbnails/remote/230x230ex/image/retail/images/2020/05/07/12/6/12bb8e22-54f3-4af9-a30e-6e0af7c9a4b4.jpg",
    "name": "보레알 고양이 주식캔 치킨 칠면조 24p, 닭, 80g",
    "price": [
      "39,600원",
      "(100g당 2,063원)",
      "일시품절"
    ],
    "id": 1042
  },
  {
    "link": "https://www.coupang.com/vp/products/1565062230?itemId=2676131579&vendorItemId=70666675194&sourceType=CAMPAIGN&campaignId=82&categoryId=445759",
    "image": "https://thumbnail7.coupangcdn.com/thumbnails/remote/230x230ex/image/retail/images/2020/05/07/12/9/5faf0084-3d98-4e9e-8674-a1c5da5a805c.jpg",
    "name": "보레알 고양이 주식캔 치킨 간 24p, 닭, 80g",
    "price": [
      "48,000원",
      "(100g당 2,500원)",
      "일시품절"
    ],
    "id": 1043
  },
  {
    "link": "https://www.coupang.com/vp/products/1565062227?itemId=2676131575&vendorItemId=70666675184&sourceType=CAMPAIGN&campaignId=82&categoryId=445759",
    "image": "https://thumbnail9.coupangcdn.com/thumbnails/remote/230x230ex/image/retail/images/2020/05/07/12/5/391ca022-1028-4fc9-92ae-cdc289b1a698.jpg",
    "name": "보레알 고양이 주식캔 돼지고기 송어 24p, 돼지, 80g",
    "price": [
      "46,850원",
      "(100g당 2,440원)",
      "일시품절"
    ],
    "id": 1044
  },
  {
    "link": "https://www.coupang.com/vp/products/1565062233?itemId=2676131580&vendorItemId=70666675195&sourceType=CAMPAIGN&campaignId=82&categoryId=445759",
    "image": "https://thumbnail7.coupangcdn.com/thumbnails/remote/230x230ex/image/retail/images/2020/05/07/12/0/ab5656d4-3e48-4005-a790-ed19f764b130.jpg",
    "name": "보레알 고양이 주식캔 칠면조 송어 24p, 80g",
    "price": [
      "43,010원",
      "(100g당 2,240원)",
      "일시품절"
    ],
    "id": 1045
  },
  {
    "link": "https://www.coupang.com/vp/products/1520149023?itemId=2608383408&vendorItemId=70599490193&sourceType=CAMPAIGN&campaignId=82&categoryId=445759",
    "image": "https://thumbnail6.coupangcdn.com/thumbnails/remote/230x230ex/image/retail/images/2020/04/28/16/7/fdc295f7-acc9-40b0-83a1-3adb6d361f37.jpg",
    "name": "스내피톰 생후 3개월 이후 고양이 위드 파테 주식캔 12p, 치킨, 400g",
    "price": [
      "23,000원",
      "(100g당 479원)",
      "일시품절"
    ],
    "id": 1046
  },
  {
    "link": "https://www.coupang.com/vp/products/1520149023?itemId=2608383410&vendorItemId=70599490223&sourceType=CAMPAIGN&campaignId=82&categoryId=445759",
    "image": "https://thumbnail8.coupangcdn.com/thumbnails/remote/230x230ex/image/retail/images/2020/04/28/16/5/78b7f740-146c-4e13-b91b-a6f4e06e099d.jpg",
    "name": "스내피톰 생후 3개월 이후 고양이 위드 파테 주식캔 12p, 치킨 + 튜나, 400g",
    "price": [
      "23,000원",
      "(100g당 479원)",
      "일시품절"
    ],
    "id": 1047
  },
  {
    "link": "https://www.coupang.com/vp/products/1520149023?itemId=2608383409&vendorItemId=70599490204&sourceType=CAMPAIGN&campaignId=82&categoryId=445759",
    "image": "https://thumbnail6.coupangcdn.com/thumbnails/remote/230x230ex/image/retail/images/2020/04/28/16/6/2794744f-3a66-4f28-96c8-10d0323917eb.jpg",
    "name": "스내피톰 생후 3개월 이후 고양이 위드 파테 주식캔 12p, 램, 400g",
    "price": [
      "23,000원",
      "(100g당 479원)",
      "일시품절"
    ],
    "id": 1048
  },
  {
    "link": "https://www.coupang.com/vp/products/1505208894?itemId=2584250386&vendorItemId=70576459920&sourceType=CAMPAIGN&campaignId=82&categoryId=445759",
    "image": "https://thumbnail7.coupangcdn.com/thumbnails/remote/230x230ex/image/retail/images/2020/02/12/11/4/5d55689d-c193-48dc-b051-139a04db4ec2.jpg",
    "name": "토우프레이 전연령용 LID 고양이 건식 사료, 칠면조, 2.72kg",
    "price": [
      "27,000원",
      "(100g당 993원)",
      "일시품절"
    ],
    "id": 1049
  },
  {
    "link": "https://www.coupang.com/vp/products/1476938993?itemId=2537913469&vendorItemId=70530735746&sourceType=CAMPAIGN&campaignId=82&categoryId=445759",
    "image": "https://thumbnail8.coupangcdn.com/thumbnails/remote/230x230ex/image/retail/images/2020/04/09/16/3/37c87228-b210-4de8-8f3a-0df42b82c19d.jpg",
    "name": "보레알 시니어 펑셔널 캣 시니어 건식사료, 닭, 2.26kg",
    "price": [
      "25% 36,030",
      "26,870원",
      "(100g당 1,189원)",
      "일시품절"
    ],
    "id": 1050
  },
  {
    "link": "https://www.coupang.com/vp/products/1476623094?itemId=2537475252&vendorItemId=70530211968&sourceType=CAMPAIGN&campaignId=82&categoryId=445759",
    "image": "https://thumbnail9.coupangcdn.com/thumbnails/remote/230x230ex/image/retail/images/2020/04/09/9/2/20dff050-16ef-4e7c-8616-eee457f9bf46.jpg",
    "name": "치킨수프 클래식 웨이트 머츄어케어 캣용 클래식 건식사료, 닭고기 현미, 6.12kg",
    "price": [
      "70,550원",
      "(100g당 1,153원)",
      "일시품절"
    ],
    "id": 1051
  },
  {
    "link": "https://www.coupang.com/vp/products/1476475092?itemId=2537217963&vendorItemId=70529938699&sourceType=CAMPAIGN&campaignId=82&categoryId=445759",
    "image": "https://thumbnail10.coupangcdn.com/thumbnails/remote/230x230ex/image/retail/images/2020/04/17/9/9/9bcabbad-aa8d-4530-985b-15b26c2dd304.jpg",
    "name": "캣잇 디너 참치와 당근을 곁들인 생선 요리 고양이 습식사료 6p, 80g",
    "price": [
      "13,500원",
      "(100g당 2,813원)",
      "일시품절"
    ],
    "id": 1052
  },
  {
    "link": "https://www.coupang.com/vp/products/1476475283?itemId=2537218430&vendorItemId=70529938705&sourceType=CAMPAIGN&campaignId=82&categoryId=445759",
    "image": "https://thumbnail7.coupangcdn.com/thumbnails/remote/230x230ex/image/retail/images/2020/04/17/9/9/88daeecd-053b-4522-88c8-71ebc91c6e85.jpg",
    "name": "캣잇 디너 오리와 감자를 곁들인 닭고기 요리 고양이 습식사료 6p, 닭, 80g",
    "price": [
      "13,800원",
      "(100g당 2,875원)",
      "일시품절"
    ],
    "id": 1053
  },
  {
    "link": "https://www.coupang.com/vp/products/1473733476?itemId=2532865673&vendorItemId=70525609857&sourceType=CAMPAIGN&campaignId=82&categoryId=445759",
    "image": "https://thumbnail6.coupangcdn.com/thumbnails/remote/230x230ex/image/retail/images/2020/04/16/18/4/e30e79c8-88d4-4ed3-bd05-a75b0bfa56f9.jpg",
    "name": "캣잇 피쉬 디너 고양이 사료 연어와 풋강낭콩을 곁들인 생선 요리 6p, 80g",
    "price": [
      "8,570원",
      "(100g당 1,785원)",
      "일시품절"
    ],
    "id": 1054
  },
  {
    "link": "https://www.coupang.com/vp/products/1473733488?itemId=2532865679&vendorItemId=70525609856&sourceType=CAMPAIGN&campaignId=82&categoryId=445759",
    "image": "https://thumbnail7.coupangcdn.com/thumbnails/remote/230x230ex/image/retail/images/2020/04/16/18/7/ac9ce2f3-03b1-47fe-8c05-7bd0b427c86b.jpg",
    "name": "캣잇 치킨 디너 고양이 사료 소고기와 호박을 곁들인 닭고기 요리 6p, 닭, 80g",
    "price": [
      "10,010원",
      "(100g당 2,085원)",
      "일시품절"
    ],
    "id": 1055
  },
  {
    "link": "https://www.coupang.com/vp/products/1473733501?itemId=2532865695&vendorItemId=70525609868&sourceType=CAMPAIGN&campaignId=82&categoryId=445759",
    "image": "https://thumbnail10.coupangcdn.com/thumbnails/remote/230x230ex/image/retail/images/2020/04/16/18/4/82db3aab-9585-4de1-9dc0-2f28b79f39bc.jpg",
    "name": "캣잇 치킨 디너 고양이 사료 연어와 당근을 곁들인 닭고기 요리 6p, 닭, 80g",
    "price": [
      "13,800원",
      "(100g당 2,875원)",
      "일시품절"
    ],
    "id": 1056
  },
  {
    "link": "https://www.coupang.com/vp/products/1473733388?itemId=2532865605&vendorItemId=70525609775&sourceType=CAMPAIGN&campaignId=82&categoryId=445759",
    "image": "https://thumbnail7.coupangcdn.com/thumbnails/remote/230x230ex/image/retail/images/2020/04/16/18/4/712f8f3b-c92a-4217-90a8-82dfb530bc28.jpg",
    "name": "캣잇 피쉬 디너 고양이 사료 새우와 풋강낭콩을 곁들인 생선 요리 6p, 80g",
    "price": [
      "8,030원",
      "(100g당 1,673원)",
      "일시품절"
    ],
    "id": 1057
  },
  {
    "link": "https://www.coupang.com/vp/products/1473733448?itemId=2532865644&vendorItemId=70525609831&sourceType=CAMPAIGN&campaignId=82&categoryId=445759",
    "image": "https://thumbnail8.coupangcdn.com/thumbnails/remote/230x230ex/image/retail/images/2020/04/16/18/0/f14b8d34-dc91-43e4-8bdd-9f232cc56d6d.jpg",
    "name": "캣잇 치킨 디너 고양이 사료 참치와 케일을 곁들인 닭고기 요리 6p, 닭, 80g",
    "price": [
      "13,800원",
      "(100g당 2,875원)",
      "일시품절"
    ],
    "id": 1058
  },
  {
    "link": "https://www.coupang.com/vp/products/1473733451?itemId=2532865650&vendorItemId=70525609834&sourceType=CAMPAIGN&campaignId=82&categoryId=445759",
    "image": "https://thumbnail8.coupangcdn.com/thumbnails/remote/230x230ex/image/retail/images/2020/04/16/18/9/8be670f1-a7f8-41a9-b25e-163658bea438.jpg",
    "name": "캣잇 피쉬 디너 고양이 사료 게살의 풍미와 호박을 곁들인 생선 요리 6p, 80g",
    "price": [
      "11,810원",
      "(100g당 2,460원)",
      "일시품절"
    ],
    "id": 1059
  },
  {
    "link": "https://www.coupang.com/vp/products/1464444872?itemId=2518663372&vendorItemId=70511589734&sourceType=CAMPAIGN&campaignId=82&categoryId=445759",
    "image": "https://thumbnail6.coupangcdn.com/thumbnails/remote/230x230ex/image/retail/images/2020/04/07/18/5/ccd6194c-2da1-4dc2-afce-aa4f83484d92.jpg",
    "name": "가이세키 엄선 가츠오 고양이간식 파우치 12p, 생선, 40g",
    "price": [
      "19,200원",
      "(100g당 4,000원)",
      "일시품절"
    ],
    "id": 1060
  },
  {
    "link": "https://www.coupang.com/vp/products/1464444822?itemId=2518663292&vendorItemId=70511589691&sourceType=CAMPAIGN&campaignId=82&categoryId=445759",
    "image": "https://thumbnail8.coupangcdn.com/thumbnails/remote/230x230ex/image/retail/images/2020/04/07/18/5/cb3c33e4-40f3-44cf-b904-b7dbad40d033.jpg",
    "name": "가이세키 엄선 마구로 고양이간식 파우치 12p, 생선, 40g",
    "price": [
      "19,200원",
      "(100g당 4,000원)",
      "일시품절"
    ],
    "id": 1061
  },
  {
    "link": "https://www.coupang.com/vp/products/1464444803?itemId=2518663256&vendorItemId=70511589625&sourceType=CAMPAIGN&campaignId=82&categoryId=445759",
    "image": "https://thumbnail6.coupangcdn.com/thumbnails/remote/230x230ex/image/retail/images/2020/04/07/18/6/6a0b180e-daa2-4d86-bc1e-62bf200e8899.jpg",
    "name": "가이세키 마구로 앤 뱅어 고양이간식 파우치 12p, 생선, 40g",
    "price": [
      "19,200원",
      "(100g당 4,000원)",
      "일시품절"
    ],
    "id": 1062
  },
  {
    "link": "https://www.coupang.com/vp/products/1464444739?itemId=2518663214&vendorItemId=70511589593&sourceType=CAMPAIGN&campaignId=82&categoryId=445759",
    "image": "https://thumbnail10.coupangcdn.com/thumbnails/remote/230x230ex/image/retail/images/2020/04/07/18/2/b299874e-b3fa-4a0f-a715-70ac0c282585.jpg",
    "name": "가이세키 마구로 앤 닭가슴살 고양이간식 파우치 12p, 생선, 40g",
    "price": [
      "19,200원",
      "(100g당 4,000원)",
      "일시품절"
    ],
    "id": 1063
  },
  {
    "link": "https://www.coupang.com/vp/products/1431701285?itemId=2472823105&vendorItemId=70466208557&sourceType=CAMPAIGN&campaignId=82&categoryId=445759",
    "image": "https://thumbnail6.coupangcdn.com/thumbnails/remote/230x230ex/image/retail/images/2020/03/25/12/2/b8bb5938-9873-46b0-9ae4-6a25eca80b76.jpg",
    "name": "웰니스 어덜트용 헬시 발란스 치킨 고양이 사료, 닭고기, 5.4kg",
    "price": [
      "52,000원",
      "(100g당 963원)",
      "일시품절"
    ],
    "id": 1064
  },
  {
    "link": "https://www.coupang.com/vp/products/1431701289?itemId=2472823110&vendorItemId=70466208561&sourceType=CAMPAIGN&campaignId=82&categoryId=445759",
    "image": "https://thumbnail7.coupangcdn.com/thumbnails/remote/230x230ex/image/retail/images/2020/03/25/12/1/b98a39c2-51f8-4233-a587-3a07519bcc3d.jpg",
    "name": "웰니스 컴플리트 헬스 그레인프리 인도어 헬시 웨이트 캣 고양이 사료, 닭, 5.2kg",
    "price": [
      "76,000원",
      "(100g당 1,462원)",
      "일시품절"
    ],
    "id": 1065
  },
  {
    "link": "https://www.coupang.com/vp/products/1421953068?itemId=2460595845&vendorItemId=70454102758&sourceType=CAMPAIGN&campaignId=82&categoryId=445759",
    "image": "https://thumbnail6.coupangcdn.com/thumbnails/remote/230x230ex/image/retail/images/2020/04/02/16/2/81a4ec5b-f375-4ff2-b355-873e40b86a66.jpg",
    "name": "티비동물농장 깨양이의만찬 고양이 사료, 오리, 1kg",
    "price": [
      "18,700원",
      "(100g당 1,870원)",
      "일시품절"
    ],
    "id": 1066
  },
  {
    "link": "https://www.coupang.com/vp/products/1419380153?itemId=2457106963&vendorItemId=70450642178&sourceType=CAMPAIGN&campaignId=82&categoryId=445759",
    "image": "https://thumbnail9.coupangcdn.com/thumbnails/remote/230x230ex/image/retail/images/2020/03/20/13/5/73cefefd-0101-4600-a158-2d076f15e77c.jpg",
    "name": "솔리드골드 전연령 인디고 문 고양이 건식 사료, 치킨, 1kg",
    "price": [
      "2% 15,470",
      "15,110원",
      "(100g당 1,511원)",
      "일시품절"
    ],
    "id": 1067
  },
  {
    "link": "https://www.coupang.com/vp/products/1418087594?itemId=2455420410&vendorItemId=70448982175&sourceType=CAMPAIGN&campaignId=82&categoryId=445759",
    "image": "https://thumbnail9.coupangcdn.com/thumbnails/remote/230x230ex/image/retail/images/2020/04/02/10/1/374ebe02-ddaf-4ca0-a190-f6a25373b8a9.jpg",
    "name": "내추럴발란스 성묘용 LID 인도어 캣 포뮬라 드라이 캣 푸드, 연어 + 병아리콩, 4.54kg",
    "price": [
      "57,750원",
      "(100g당 1,272원)",
      "일시품절"
    ],
    "id": 1068
  },
  {
    "link": "https://www.coupang.com/vp/products/1380333382?itemId=2414670591&vendorItemId=70409043576&sourceType=CAMPAIGN&campaignId=82&categoryId=445759",
    "image": "https://thumbnail9.coupangcdn.com/thumbnails/remote/230x230ex/image/retail/images/2020/03/09/18/3/f4b51afb-f648-48d8-b862-bf71f49f6982.jpg",
    "name": "웰니스 어덜트 반려묘 헬시 발란스 치킨 사료, 닭, 2.26kg",
    "price": [
      "22,440원",
      "(100g당 993원)",
      "일시품절"
    ],
    "id": 1069
  },
  {
    "link": "https://www.coupang.com/vp/products/1376877200?itemId=2410386166&vendorItemId=70404902751&sourceType=CAMPAIGN&campaignId=82&categoryId=445759",
    "image": "https://thumbnail9.coupangcdn.com/thumbnails/remote/230x230ex/image/retail/images/2020/03/09/18/0/a8b02cf6-4ec4-4551-a4c5-b0036c97b41e.jpg",
    "name": "웰니스 성묘용 컴플리트 헬스 그레인프리 캣 사료, 닭, 2.5kg",
    "price": [
      "33,950원",
      "(100g당 1,358원)",
      "일시품절"
    ],
    "id": 1070
  },
  {
    "link": "https://www.coupang.com/vp/products/1343163684?itemId=2370497718&vendorItemId=70366562664&sourceType=CAMPAIGN&campaignId=82&categoryId=445759",
    "image": "https://thumbnail10.coupangcdn.com/thumbnails/remote/230x230ex/image/retail/images/2020/02/28/14/0/2a62fae7-e6e9-4f86-ad0c-51f3becc8253.jpg",
    "name": "비타크래프트 리얼라이프 고양이 건식 사료, 램 + 치킨 + 슈퍼푸드, 1.8kg",
    "price": [
      "27,000원",
      "(100g당 1,500원)",
      "일시품절"
    ],
    "id": 1071
  },
  {
    "link": "https://www.coupang.com/vp/products/1343163684?itemId=2370497717&vendorItemId=70366562657&sourceType=CAMPAIGN&campaignId=82&categoryId=445759",
    "image": "https://thumbnail8.coupangcdn.com/thumbnails/remote/230x230ex/image/retail/images/2020/02/28/14/0/b386e0cd-36be-41cb-938b-2ae6c363ccfb.jpg",
    "name": "비타크래프트 리얼라이프 고양이 건식 사료, 램 + 치킨 + 슈퍼푸드, 7kg",
    "price": [
      "52,200원",
      "(100g당 746원)",
      "일시품절"
    ],
    "id": 1072
  },
  {
    "link": "https://www.coupang.com/vp/products/1343163684?itemId=2370497715&vendorItemId=70366562640&sourceType=CAMPAIGN&campaignId=82&categoryId=445759",
    "image": "https://thumbnail10.coupangcdn.com/thumbnails/remote/230x230ex/image/retail/images/2020/02/28/14/8/99d95eb7-49ea-45e2-9c53-2535ec025b4f.jpg",
    "name": "비타크래프트 리얼라이프 고양이 건식 사료, 비프 + 치킨 + 슈퍼푸드, 7kg",
    "price": [
      "52,200원",
      "(100g당 746원)",
      "일시품절"
    ],
    "id": 1073
  },
  {
    "link": "https://www.coupang.com/vp/products/1343163684?itemId=2370497716&vendorItemId=70366562651&sourceType=CAMPAIGN&campaignId=82&categoryId=445759",
    "image": "https://thumbnail8.coupangcdn.com/thumbnails/remote/230x230ex/image/retail/images/2020/02/28/14/2/e2a56d8f-28a2-4d27-a572-d9535f3289ff.jpg",
    "name": "비타크래프트 리얼라이프 고양이 건식 사료, 소, 1.8kg",
    "price": [
      "27,000원",
      "(100g당 1,500원)",
      "일시품절"
    ],
    "id": 1074
  },
  {
    "link": "https://www.coupang.com/vp/products/1334693580?itemId=2360244741&vendorItemId=70356634323&sourceType=CAMPAIGN&campaignId=82&categoryId=445759",
    "image": "https://thumbnail7.coupangcdn.com/thumbnails/remote/230x230ex/image/retail/images/2020/03/06/16/3/a3127d11-a20f-4d12-8d7a-b1e41715f887.jpg",
    "name": "비타크래프트 성묘용 포에시 하트캔 고양이 주식 파우치 뉴버전 콤보팩 85g x 15p 세트",
    "price": [
      "14,890원",
      "일시품절"
    ],
    "id": 1075
  },
  {
    "link": "https://www.coupang.com/vp/products/1334693494?itemId=2360244655&vendorItemId=70356634145&sourceType=CAMPAIGN&campaignId=82&categoryId=445759",
    "image": "https://thumbnail10.coupangcdn.com/thumbnails/remote/230x230ex/image/retail/images/2020/03/10/16/3/4eb32edf-bb1f-4f4d-bd09-11280c95e535.jpg",
    "name": "비타크래프트 성묘용 포에시 하트캔 고양이 주식 파우치 콤보팩 85g x 30p 세트",
    "price": [
      "29,780원",
      "일시품절"
    ],
    "id": 1076
  },
  {
    "link": "https://www.coupang.com/vp/products/1334576269?itemId=2360111854&vendorItemId=70356503979&sourceType=CAMPAIGN&campaignId=82&categoryId=445759",
    "image": "https://thumbnail10.coupangcdn.com/thumbnails/remote/230x230ex/image/retail/images/2020/03/10/16/4/ecec2b05-554f-4216-b9d2-7f62e4d3fd59.jpg",
    "name": "브레이버리 어덜트 캣 건식 사료, 치킨, 7kg",
    "price": [
      "12% 69,300",
      "60,350원",
      "(100g당 862원)",
      "일시품절"
    ],
    "id": 1077
  },
  {
    "link": "https://www.coupang.com/vp/products/1319358682?itemId=2339488693&vendorItemId=70336087240&sourceType=CAMPAIGN&campaignId=82&categoryId=445759",
    "image": "https://thumbnail9.coupangcdn.com/thumbnails/remote/230x230ex/image/retail/images/2020/02/21/16/5/7d058ccf-1eb4-459f-ae56-07a48189bd7c.jpg",
    "name": "하이큐 어덜트용 유리너리 케어 고양이 건식사료, 닭, 6.5kg",
    "price": [
      "39,250원",
      "(100g당 604원)",
      "일시품절"
    ],
    "id": 1078
  },
  {
    "link": "https://www.coupang.com/vp/products/1319358646?itemId=2339488626&vendorItemId=70336087162&sourceType=CAMPAIGN&campaignId=82&categoryId=445759",
    "image": "https://thumbnail9.coupangcdn.com/thumbnails/remote/230x230ex/image/retail/images/2020/02/21/16/7/47108d14-5e70-473c-959b-45319e1ca32e.jpg",
    "name": "하이큐 어덜트용 중성화 고양이 케어 건식사료, 닭, 6.5kg",
    "price": [
      "52,000원",
      "(100g당 800원)",
      "일시품절"
    ],
    "id": 1079
  }
]